<?xml version="1.0" encoding="UTF-8"?>
<!DOCTYPE xml>
<collection>
  <record>
    <leader>00520nM2.01000024------h</leader>
    <controlfield tag="LDR">00520nM2.01000024------h</controlfield>
    <controlfield tag="FMT">MH</controlfield>
    <datafield ind1="-" ind2="1" tag="001">
      <subfield code="a">AC00317970</subfield>
    </datafield>
    <controlfield tag="030">a|1ddr|||||37</controlfield>
    <datafield ind1="a" ind2="1" tag="036">
      <subfield code="a">AT</subfield>
    </datafield>
    <datafield ind1="b" ind2="1" tag="037">
      <subfield code="a">ger</subfield>
    </datafield>
    <controlfield tag="050">|||||||a||||||</controlfield>
    <controlfield tag="051">n|||||||</controlfield>
    <datafield ind1="s" ind2="1" tag="076">
      <subfield code="a">37</subfield>
    </datafield>
    <datafield ind1="b" ind2="1" tag="100">
      <subfield code="p">Faninger, Gerhard</subfield>
      <subfield code="d">1937-</subfield>
      <subfield code="9">(DE-588)135982081</subfield>
      <subfield code="b">[Textverf.]</subfield>
    </datafield>
    <datafield ind1="b" ind2="1" tag="200">
      <subfield code="k">&#xD6;sterreichische Gesellschaft f&#xFC;r Sonnenenergie und Weltraumfragen</subfield>
      <subfield code="h">Wien</subfield>
      <subfield code="9">(DE-588)2056198-2</subfield>
    </datafield>
    <datafield ind1="-" ind2="1" tag="331">
      <subfield code="a">Sonnenenergie</subfield>
    </datafield>
    <datafield ind1="-" ind2="1" tag="334">
      <subfield code="a">Medienkombination</subfield>
    </datafield>
    <datafield ind1="-" ind2="1" tag="335">
      <subfield code="a">was sie bringt - wie man sie nutzt ; eine Bilddokumentation</subfield>
    </datafield>
    <datafield ind1="-" ind2="1" tag="359">
      <subfield code="a">von Gerhard Faninger. [Hrsg.: &#xD6;sterr. Ges. f&#xFC;r Sonnenenergie und Weltraumfragen]</subfield>
    </datafield>
    <datafield ind1="-" ind2="1" tag="410">
      <subfield code="a">Graz</subfield>
    </datafield>
    <datafield ind1="-" ind2="1" tag="412">
      <subfield code="a">dbv-Verl. f&#xFC;r die Techn. Univ. Graz</subfield>
    </datafield>
    <datafield ind1="a" ind2="1" tag="425">
      <subfield code="a">1980</subfield>
    </datafield>
    <datafield ind1="-" ind2="1" tag="710">
      <subfield code="a">Sonnenenergie - Technologie - Energiewirtschaft</subfield>
    </datafield>
    <datafield ind1="-" ind2="1" tag="SG1">
      <subfield code="a">7</subfield>
    </datafield>
    <datafield ind1="-" ind2="1" tag="902">
      <subfield code="s">Sonnenenergie</subfield>
      <subfield code="9">(DE-588)4055572-0</subfield>
    </datafield>
    <datafield ind1="-" ind2="1" tag="902">
      <subfield code="f">Medienkombination</subfield>
    </datafield>
    <controlfield tag="SYS">000008840</controlfield>
    <datafield ind1=" " ind2=" " tag="SWD">
      <subfield code="s">Solarenergie</subfield>
      <subfield code="9">(DE-588)4055572-0</subfield>
    </datafield>
    <datafield ind1=" " ind2=" " tag="SWD">
      <subfield code="s">Solarenergie</subfield>
      <subfield code="9">(DE-588)4055572-0</subfield>
    </datafield>
    <datafield ind1=" " ind2=" " tag="KOR">
      <subfield code="k">Gesellschaft f&#xFC;r Sonnenenergie und Weltraumfragen</subfield>
      <subfield code="h">Wien</subfield>
      <subfield code="9">(DE-588)2056198-2</subfield>
    </datafield>
    <datafield ind1=" " ind2=" " tag="KOR">
      <subfield code="k">Austrian Solar and Space Agency</subfield>
      <subfield code="h">Wien</subfield>
      <subfield code="9">(DE-588)2056198-2</subfield>
    </datafield>
    <datafield ind1=" " ind2=" " tag="KOR">
      <subfield code="k">ASSA</subfield>
      <subfield code="9">(DE-588)2056198-2</subfield>
    </datafield>
    <datafield ind1=" " ind2=" " tag="KOR">
      <subfield code="k">Solar and Space Agency</subfield>
      <subfield code="h">Wien</subfield>
      <subfield code="9">(DE-588)2056198-2</subfield>
    </datafield>
    <datafield ind1=" " ind2=" " tag="PER">
      <subfield code="p">Faninger, G.</subfield>
      <subfield code="d">1937-</subfield>
      <subfield code="9">(DE-588)135982081</subfield>
    </datafield>
    <datafield ind1=" " ind2=" " tag="KOR">
      <subfield code="k">Gesellschaft f&#xFC;r Sonnenenergie und Weltraumfragen</subfield>
      <subfield code="h">Wien</subfield>
      <subfield code="9">(DE-588)2056198-2</subfield>
    </datafield>
    <datafield ind1=" " ind2=" " tag="KOR">
      <subfield code="k">Austrian Solar and Space Agency</subfield>
      <subfield code="h">Wien</subfield>
      <subfield code="9">(DE-588)2056198-2</subfield>
    </datafield>
    <datafield ind1=" " ind2=" " tag="KOR">
      <subfield code="k">ASSA</subfield>
      <subfield code="9">(DE-588)2056198-2</subfield>
    </datafield>
    <datafield ind1=" " ind2=" " tag="KOR">
      <subfield code="k">Solar and Space Agency</subfield>
      <subfield code="h">Wien</subfield>
      <subfield code="9">(DE-588)2056198-2</subfield>
    </datafield>
    <datafield ind1=" " ind2=" " tag="PER">
      <subfield code="p">Faninger, G.</subfield>
      <subfield code="d">1937-</subfield>
      <subfield code="9">(DE-588)135982081</subfield>
    </datafield>
    <datafield ind1=" " ind2=" " tag="AVA">
      <subfield code="a">AKW50</subfield>
      <subfield code="b">XAW1</subfield>
      <subfield code="c">Magazin 1</subfield>
      <subfield code="d">B66650/1.Aufl.</subfield>
      <subfield code="e">available</subfield>
      <subfield code="t">Verf&#xFC;gbar</subfield>
      <subfield code="f">1</subfield>
      <subfield code="g">0</subfield>
      <subfield code="h">N</subfield>
      <subfield code="i">0</subfield>
      <subfield code="j">MAG1</subfield>
    </datafield>
    <datafield ind1="-" ind2="1" tag="Z30">
      <subfield code="1">XAW1</subfield>
      <subfield code="2">MAG1</subfield>
      <subfield code="3">B66650/1.Aufl.</subfield>
    </datafield>
  </record>