
  <record>
    <leader>01135nM2.01000024------h</leader>
    <controlfield tag="LDR">01135nM2.01000024------h</controlfield>
    <controlfield tag="FMT">MH</controlfield>
    <datafield ind1="-" ind2="1" tag="001">
      <subfield code="a">AC03507651</subfield>
    </datafield>
    <controlfield tag="030">a|1dcr|||||37</controlfield>
    <datafield ind1="a" ind2="1" tag="036">
      <subfield code="a">AT</subfield>
    </datafield>
    <datafield ind1="b" ind2="1" tag="037">
      <subfield code="a">ger</subfield>
    </datafield>
    <controlfield tag="050">a|a|||||||||||</controlfield>
    <controlfield tag="051">sk||w||</controlfield>
    <datafield ind1="s" ind2="1" tag="076">
      <subfield code="a">12</subfield>
    </datafield>
    <datafield ind1="b" ind2="1" tag="100">
      <subfield code="a">Rossmann, Bruno</subfield>
      <subfield code="b">[Hrsg.]</subfield>
    </datafield>
    <datafield ind1="-" ind2="1" tag="331">
      <subfield code="a">Finanzausgleich - Herausforderungen und Reformperspektiven</subfield>
    </datafield>
    <datafield ind1="-" ind2="1" tag="335">
      <subfield code="a">Tagung der Kammer f&#xFC;r Arbeiter und Angestellte f&#xFC;r Wien</subfield>
    </datafield>
    <datafield ind1="-" ind2="1" tag="359">
      <subfield code="a">Bruno Rossmann (Hrsg.)</subfield>
    </datafield>
    <datafield ind1="-" ind2="1" tag="410">
      <subfield code="a">Wien</subfield>
    </datafield>
    <datafield ind1="-" ind2="1" tag="412">
      <subfield code="a">LexisNexis-Verl. ARD Orac</subfield>
    </datafield>
    <datafield ind1="a" ind2="1" tag="425">
      <subfield code="a">2002</subfield>
    </datafield>
    <datafield ind1="-" ind2="1" tag="433">
      <subfield code="a">142 S.</subfield>
    </datafield>
    <datafield ind1="-" ind2="1" tag="434">
      <subfield code="a">graph. Darst., Kt.</subfield>
    </datafield>
    <datafield ind1="-" ind2="1" tag="435">
      <subfield code="a">24 cm</subfield>
    </datafield>
    <datafield ind1="-" ind2="1" tag="451">
      <subfield code="a">Reihe "Wirtschaftswissenschaftliche Tagungen der Arbeiterkammer Wien" ; 6</subfield>
    </datafield>
    <datafield ind1="r" ind2="1" tag="453">
      <subfield code="a">AC00766881</subfield>
    </datafield>
    <datafield ind1="b" ind2="1" tag="454">
      <subfield code="a">Kammer f&#xFC;r Arbeiter und Angestellte &lt;Wien&gt;: Reihe Wirtschaftswissenschaftliche Tagungen der Arbeiterkammer Wien</subfield>
    </datafield>
    <datafield ind1="-" ind2="1" tag="455">
      <subfield code="a">6</subfield>
    </datafield>
    <datafield ind1="-" ind2="1" tag="456">
      <subfield code="a">6</subfield>
    </datafield>
    <datafield ind1="-" ind2="1" tag="517">
      <subfield code="a">Literaturangaben</subfield>
    </datafield>
    <datafield ind1="a" ind2="1" tag="540">
      <subfield code="a">3-7007-2273-7</subfield>
      <subfield code="b">kart. : EUR 22,- ; sfr 41,50</subfield>
    </datafield>
    <datafield ind1="-" ind2="1" tag="580">
      <subfield code="a">OeB2004,A,21 330</subfield>
    </datafield>
    <datafield ind1="e" ind2="1" tag="655">
      <subfield code="m">V:AT-OBV;B:AT-UBWW</subfield>
      <subfield code="q">text/plain</subfield>
      <subfield code="u">http://media.obvsg.at/AC03507651-1001</subfield>
      <subfield code="x">WUW</subfield>
      <subfield code="3">Inhaltsverzeichnis</subfield>
      <subfield code="A">2</subfield>
    </datafield>
    <datafield ind1="b" ind2="1" tag="700">
      <subfield code="a">336.436</subfield>
      <subfield code="c">22</subfield>
    </datafield>
    <datafield ind1="f" ind2="1" tag="700">
      <subfield code="a">83.52</subfield>
      <subfield code="b">Finanzwissenschaft</subfield>
      <subfield code="O">Automatisch generiert aus Konkordanz RVK-BK-Wirtschaftswissenschaften</subfield>
    </datafield>
    <datafield ind1="g" ind2="1" tag="700">
      <subfield code="a">MG 33986</subfield>
    </datafield>
    <datafield ind1="g" ind2="1" tag="700">
      <subfield code="a">QL 030</subfield>
    </datafield>
    <datafield ind1="b" ind2="1" tag="710">
      <subfield code="a">&#xD6;sterreich</subfield>
    </datafield>
    <datafield ind1="b" ind2="1" tag="710">
      <subfield code="a">Finnland</subfield>
    </datafield>
    <datafield ind1="b" ind2="1" tag="710">
      <subfield code="a">Schweiz</subfield>
    </datafield>
    <datafield ind1="a" ind2="1" tag="710">
      <subfield code="a">Finanzausgleich</subfield>
    </datafield>
    <datafield ind1="a" ind2="1" tag="710">
      <subfield code="a">Haushalte, &#xF6;ffentliche</subfield>
    </datafield>
    <datafield ind1="f" ind2="1" tag="710">
      <subfield code="a">Tagungen, internationale</subfield>
    </datafield>
    <datafield ind1="-" ind2="1" tag="SG1">
      <subfield code="a">620</subfield>
    </datafield>
    <datafield ind1="-" ind2="1" tag="902">
      <subfield code="g">&#xD6;sterreich</subfield>
      <subfield code="9">(DE-588)4043271-3</subfield>
    </datafield>
    <datafield ind1="-" ind2="1" tag="902">
      <subfield code="s">Finanzausgleich</subfield>
      <subfield code="9">(DE-588)4017176-0</subfield>
    </datafield>
    <datafield ind1="-" ind2="1" tag="902">
      <subfield code="f">Kongress</subfield>
    </datafield>
    <datafield ind1="-" ind2="1" tag="902">
      <subfield code="g">Wien &lt;2002&gt;</subfield>
    </datafield>
    <controlfield tag="SYS">000028343</controlfield>
    <datafield ind1=" " ind2=" " tag="SWD">
      <subfield code="9">(DE-588)35878-2</subfield>
    </datafield>
    <datafield ind1=" " ind2=" " tag="SWD">
      <subfield code="g">&lt;&lt;Die&gt;&gt; im Reichsrat vertretenen K&#xF6;nigreiche und L&#xE4;nder</subfield>
      <subfield code="h">&#xD6;sterreich</subfield>
      <subfield code="9">(DE-588)4043271-3</subfield>
    </datafield>
    <datafield ind1=" " ind2=" " tag="SWD">
      <subfield code="g">Zisleithanien</subfield>
      <subfield code="9">(DE-588)4043271-3</subfield>
    </datafield>
    <datafield ind1=" " ind2=" " tag="SWD">
      <subfield code="g">Cisleithanien</subfield>
      <subfield code="9">(DE-588)4043271-3</subfield>
    </datafield>
    <datafield ind1=" " ind2=" " tag="SWD">
      <subfield code="g">Habsburgermonarchie</subfield>
      <subfield code="9">(DE-588)4043271-3</subfield>
    </datafield>
    <datafield ind1=" " ind2=" " tag="SWD">
      <subfield code="g">Habsburgerreich</subfield>
      <subfield code="9">(DE-588)4043271-3</subfield>
    </datafield>
    <datafield ind1=" " ind2=" " tag="SWD">
      <subfield code="g">Austria</subfield>
      <subfield code="9">(DE-588)4043271-3</subfield>
    </datafield>
    <datafield ind1=" " ind2=" " tag="SWD">
      <subfield code="g">Republik &#xD6;sterreich</subfield>
      <subfield code="9">(DE-588)4043271-3</subfield>
    </datafield>
    <datafield ind1=" " ind2=" " tag="SWD">
      <subfield code="g">&#xD6;sterreich</subfield>
      <subfield code="h">Zweite Republik</subfield>
      <subfield code="9">(DE-588)4043271-3</subfield>
    </datafield>
    <datafield ind1=" " ind2=" " tag="SWD">
      <subfield code="g">Bundesstaat &#xD6;sterreich</subfield>
      <subfield code="9">(DE-588)4043271-3</subfield>
    </datafield>
    <datafield ind1=" " ind2=" " tag="SWD">
      <subfield code="g">&#xD6;sterreich</subfield>
      <subfield code="h">Erste Republik</subfield>
      <subfield code="9">(DE-588)4043271-3</subfield>
    </datafield>
    <datafield ind1=" " ind2=" " tag="SWD">
      <subfield code="g">Deutsch&#xF6;sterreich</subfield>
      <subfield code="9">(DE-588)4043271-3</subfield>
    </datafield>
    <datafield ind1=" " ind2=" " tag="SWD">
      <subfield code="g">Staat Deutsch&#xF6;sterreich</subfield>
      <subfield code="9">(DE-588)4043271-3</subfield>
    </datafield>
    <datafield ind1=" " ind2=" " tag="SWD">
      <subfield code="g">Land &#xD6;sterreich</subfield>
      <subfield code="9">(DE-588)4043271-3</subfield>
    </datafield>
    <datafield ind1=" " ind2=" " tag="SWD">
      <subfield code="g">Kaisertum &#xD6;sterreich</subfield>
      <subfield code="9">(DE-588)4043271-3</subfield>
    </datafield>
    <datafield ind1=" " ind2=" " tag="SWD">
      <subfield code="g">Kaiserthum &#xD6;sterreich</subfield>
      <subfield code="9">(DE-588)4043271-3</subfield>
    </datafield>
    <datafield ind1=" " ind2=" " tag="SWD">
      <subfield code="g">&#xD6;sterreichische Monarchie</subfield>
      <subfield code="9">(DE-588)4043271-3</subfield>
    </datafield>
    <datafield ind1=" " ind2=" " tag="SWD">
      <subfield code="g">Ostmark</subfield>
      <subfield code="h">&#xD6;sterreich</subfield>
      <subfield code="9">(DE-588)4043271-3</subfield>
    </datafield>
    <datafield ind1=" " ind2=" " tag="SWD">
      <subfield code="g">Autriche</subfield>
      <subfield code="9">(DE-588)4043271-3</subfield>
    </datafield>
    <datafield ind1=" " ind2=" " tag="SWD">
      <subfield code="g">Austrya</subfield>
      <subfield code="9">(DE-588)4043271-3</subfield>
    </datafield>
    <datafield ind1=" " ind2=" " tag="SWD">
      <subfield code="g">Austrja</subfield>
      <subfield code="9">(DE-588)4043271-3</subfield>
    </datafield>
    <datafield ind1=" " ind2=" " tag="SWD">
      <subfield code="g">Ostmark</subfield>
      <subfield code="9">(DE-588)4043271-3</subfield>
    </datafield>
    <datafield ind1=" " ind2=" " tag="SWD">
      <subfield code="9">(DE-588)1085175685</subfield>
    </datafield>
    <datafield ind1=" " ind2=" " tag="SWD">
      <subfield code="9">(DE-588)1087268060</subfield>
    </datafield>
    <datafield ind1=" " ind2=" " tag="SWD">
      <subfield code="s">F&#xF6;deralismus</subfield>
      <subfield code="x">Finanzausgleich</subfield>
      <subfield code="9">(DE-588)4017176-0</subfield>
    </datafield>
    <datafield ind1=" " ind2=" " tag="SWD">
      <subfield code="9">(DE-588)35878-2</subfield>
    </datafield>
    <datafield ind1=" " ind2=" " tag="SWD">
      <subfield code="g">&lt;&lt;Die&gt;&gt; im Reichsrat vertretenen K&#xF6;nigreiche und L&#xE4;nder</subfield>
      <subfield code="h">&#xD6;sterreich</subfield>
      <subfield code="9">(DE-588)4043271-3</subfield>
    </datafield>
    <datafield ind1=" " ind2=" " tag="SWD">
      <subfield code="g">Zisleithanien</subfield>
      <subfield code="9">(DE-588)4043271-3</subfield>
    </datafield>
    <datafield ind1=" " ind2=" " tag="SWD">
      <subfield code="g">Cisleithanien</subfield>
      <subfield code="9">(DE-588)4043271-3</subfield>
    </datafield>
    <datafield ind1=" " ind2=" " tag="SWD">
      <subfield code="g">Habsburgermonarchie</subfield>
      <subfield code="9">(DE-588)4043271-3</subfield>
    </datafield>
    <datafield ind1=" " ind2=" " tag="SWD">
      <subfield code="g">Habsburgerreich</subfield>
      <subfield code="9">(DE-588)4043271-3</subfield>
    </datafield>
    <datafield ind1=" " ind2=" " tag="SWD">
      <subfield code="g">Austria</subfield>
      <subfield code="9">(DE-588)4043271-3</subfield>
    </datafield>
    <datafield ind1=" " ind2=" " tag="SWD">
      <subfield code="g">Republik &#xD6;sterreich</subfield>
      <subfield code="9">(DE-588)4043271-3</subfield>
    </datafield>
    <datafield ind1=" " ind2=" " tag="SWD">
      <subfield code="g">&#xD6;sterreich</subfield>
      <subfield code="h">Zweite Republik</subfield>
      <subfield code="9">(DE-588)4043271-3</subfield>
    </datafield>
    <datafield ind1=" " ind2=" " tag="SWD">
      <subfield code="g">Bundesstaat &#xD6;sterreich</subfield>
      <subfield code="9">(DE-588)4043271-3</subfield>
    </datafield>
    <datafield ind1=" " ind2=" " tag="SWD">
      <subfield code="g">&#xD6;sterreich</subfield>
      <subfield code="h">Erste Republik</subfield>
      <subfield code="9">(DE-588)4043271-3</subfield>
    </datafield>
    <datafield ind1=" " ind2=" " tag="SWD">
      <subfield code="g">Deutsch&#xF6;sterreich</subfield>
      <subfield code="9">(DE-588)4043271-3</subfield>
    </datafield>
    <datafield ind1=" " ind2=" " tag="SWD">
      <subfield code="g">Staat Deutsch&#xF6;sterreich</subfield>
      <subfield code="9">(DE-588)4043271-3</subfield>
    </datafield>
    <datafield ind1=" " ind2=" " tag="SWD">
      <subfield code="g">Land &#xD6;sterreich</subfield>
      <subfield code="9">(DE-588)4043271-3</subfield>
    </datafield>
    <datafield ind1=" " ind2=" " tag="SWD">
      <subfield code="g">Kaisertum &#xD6;sterreich</subfield>
      <subfield code="9">(DE-588)4043271-3</subfield>
    </datafield>
    <datafield ind1=" " ind2=" " tag="SWD">
      <subfield code="g">Kaiserthum &#xD6;sterreich</subfield>
      <subfield code="9">(DE-588)4043271-3</subfield>
    </datafield>
    <datafield ind1=" " ind2=" " tag="SWD">
      <subfield code="g">&#xD6;sterreichische Monarchie</subfield>
      <subfield code="9">(DE-588)4043271-3</subfield>
    </datafield>
    <datafield ind1=" " ind2=" " tag="SWD">
      <subfield code="g">Ostmark</subfield>
      <subfield code="h">&#xD6;sterreich</subfield>
      <subfield code="9">(DE-588)4043271-3</subfield>
    </datafield>
    <datafield ind1=" " ind2=" " tag="SWD">
      <subfield code="g">Autriche</subfield>
      <subfield code="9">(DE-588)4043271-3</subfield>
    </datafield>
    <datafield ind1=" " ind2=" " tag="SWD">
      <subfield code="g">Austrya</subfield>
      <subfield code="9">(DE-588)4043271-3</subfield>
    </datafield>
    <datafield ind1=" " ind2=" " tag="SWD">
      <subfield code="g">Austrja</subfield>
      <subfield code="9">(DE-588)4043271-3</subfield>
    </datafield>
    <datafield ind1=" " ind2=" " tag="SWD">
      <subfield code="g">Ostmark</subfield>
      <subfield code="9">(DE-588)4043271-3</subfield>
    </datafield>
    <datafield ind1=" " ind2=" " tag="SWD">
      <subfield code="9">(DE-588)1085175685</subfield>
    </datafield>
    <datafield ind1=" " ind2=" " tag="SWD">
      <subfield code="9">(DE-588)1087268060</subfield>
    </datafield>
    <datafield ind1=" " ind2=" " tag="SWD">
      <subfield code="s">F&#xF6;deralismus</subfield>
      <subfield code="x">Finanzausgleich</subfield>
      <subfield code="9">(DE-588)4017176-0</subfield>
    </datafield>
    <datafield ind1=" " ind2=" " tag="BKL">
      <subfield code="a">Finanzwissenschaft</subfield>
    </datafield>
    <datafield ind1=" " ind2=" " tag="BKL">
      <subfield code="a">economics: public finance</subfield>
    </datafield>
    <datafield ind1=" " ind2=" " tag="BKL">
      <subfield code="a">public finance &lt;economics&gt;</subfield>
    </datafield>
    <datafield ind1=" " ind2=" " tag="BKL">
      <subfield code="a">&#xD6;ffentliche Finanzwirtschaft</subfield>
    </datafield>
    <datafield ind1=" " ind2=" " tag="BKL">
      <subfield code="a">Finanzsystem</subfield>
    </datafield>
    <datafield ind1=" " ind2=" " tag="BKL">
      <subfield code="a">Finanzwesen</subfield>
    </datafield>
    <datafield ind1=" " ind2=" " tag="BKL">
      <subfield code="a">Fiskalpolitik</subfield>
    </datafield>
    <datafield ind1=" " ind2=" " tag="BKL">
      <subfield code="a">Steuern</subfield>
    </datafield>
    <datafield ind1=" " ind2=" " tag="BKL">
      <subfield code="a">Cost-Benefit-Analyse</subfield>
    </datafield>
    <datafield ind1=" " ind2=" " tag="BKL">
      <subfield code="a">Subventionen &lt;Volkswirtschaft&gt;</subfield>
    </datafield>
    <datafield ind1=" " ind2=" " tag="BKL">
      <subfield code="a">Transferzahlungen</subfield>
    </datafield>
    <datafield ind1=" " ind2=" " tag="BKL">
      <subfield code="a">&#xD6;ffentliche Unternehmen</subfield>
    </datafield>
    <datafield ind1=" " ind2=" " tag="BKL">
      <subfield code="a">Finanzausgleich</subfield>
    </datafield>
    <datafield ind1=" " ind2=" " tag="BKL">
      <subfield code="a">Staatsverschuldung</subfield>
    </datafield>
    <datafield ind1=" " ind2=" " tag="BKL">
      <subfield code="a">Parafiskus</subfield>
    </datafield>
    <datafield ind1=" " ind2=" " tag="BKL">
      <subfield code="a">intermedi&#xE4;re Finanzgewalt</subfield>
    </datafield>
    <datafield ind1=" " ind2=" " tag="AVA">
      <subfield code="a">AKW50</subfield>
      <subfield code="b">XAW1</subfield>
      <subfield code="c">Hauptmagazin</subfield>
      <subfield code="d">B117336</subfield>
      <subfield code="e">available</subfield>
      <subfield code="t">Verf&#xFC;gbar</subfield>
      <subfield code="f">2</subfield>
      <subfield code="g">0</subfield>
      <subfield code="h">N</subfield>
      <subfield code="i">2</subfield>
      <subfield code="j">MAG1</subfield>
    </datafield>
    <datafield ind1="-" ind2="1" tag="Z30">
      <subfield code="1">XAW1</subfield>
      <subfield code="2">MAG1</subfield>
      <subfield code="3">B117336</subfield>
    </datafield>
    <datafield ind1="-" ind2="1" tag="Z30">
      <subfield code="1">XAW1</subfield>
      <subfield code="2">MAG1</subfield>
      <subfield code="3">B117336</subfield>
    </datafield>
  </record>