
  <record>
    <leader>00983nM2.01000024------h</leader>
    <controlfield tag="LDR">00983nM2.01000024------h</controlfield>
    <controlfield tag="FMT">MH</controlfield>
    <datafield ind1="-" ind2="1" tag="001">
      <subfield code="a">AC00713894</subfield>
    </datafield>
    <controlfield tag="030">z|1dcr|||||37</controlfield>
    <datafield ind1="a" ind2="1" tag="036">
      <subfield code="a">AT</subfield>
    </datafield>
    <datafield ind1="b" ind2="1" tag="037">
      <subfield code="a">ger</subfield>
    </datafield>
    <controlfield tag="050">a|a|||||||||||</controlfield>
    <controlfield tag="051">s||||||</controlfield>
    <datafield ind1="b" ind2="1" tag="100">
      <subfield code="a">Chaloupek, G&#xFC;nther</subfield>
      <subfield code="b">[Hrsg.]</subfield>
    </datafield>
    <datafield ind1="-" ind2="1" tag="331">
      <subfield code="a">&lt;&lt;Der&gt;&gt; Wandel des wirtschaftspolitischen Leitbildes seit den siebziger Jahren</subfield>
    </datafield>
    <datafield ind1="-" ind2="1" tag="335">
      <subfield code="a">AK-Tagung der Kammer f&#xFC;r Arbeiter und Angestellte f&#xFC;r Wien</subfield>
    </datafield>
    <datafield ind1="-" ind2="1" tag="359">
      <subfield code="a">hrsg. von G&#xFC;nther Chaloupek#und Michael Mesch</subfield>
    </datafield>
    <datafield ind1="-" ind2="1" tag="410">
      <subfield code="a">Wien [u.a.]</subfield>
    </datafield>
    <datafield ind1="-" ind2="1" tag="412">
      <subfield code="a">Orac</subfield>
    </datafield>
    <datafield ind1="a" ind2="1" tag="425">
      <subfield code="a">1993</subfield>
    </datafield>
    <datafield ind1="-" ind2="1" tag="433">
      <subfield code="a">188 S.</subfield>
    </datafield>
    <datafield ind1="-" ind2="1" tag="434">
      <subfield code="a">graph. Darst.</subfield>
    </datafield>
    <datafield ind1="-" ind2="1" tag="435">
      <subfield code="a">24 cm</subfield>
    </datafield>
    <datafield ind1="-" ind2="1" tag="451">
      <subfield code="a">Reihe Wirtschaftswissenschaftliche Tagungen der Arbeiterkammer Wien ; 1</subfield>
    </datafield>
    <datafield ind1="r" ind2="1" tag="453">
      <subfield code="a">AC00766881</subfield>
    </datafield>
    <datafield ind1="-" ind2="1" tag="517">
      <subfield code="a">Literaturangaben</subfield>
    </datafield>
    <datafield ind1="a" ind2="1" tag="540">
      <subfield code="a">3-7007-0457-7</subfield>
      <subfield code="b">kart. : 298,- ; DM 41,50 ; sfr 37,-</subfield>
    </datafield>
    <datafield ind1="e" ind2="1" tag="655">
      <subfield code="m">V:AT-OBV;B:AT-OeNB</subfield>
      <subfield code="q">application/pdf</subfield>
      <subfield code="u">http://media.obvsg.at/AC00713894-1001</subfield>
      <subfield code="x">ONB-IV</subfield>
      <subfield code="3">Inhaltsverzeichnis</subfield>
      <subfield code="A">2</subfield>
    </datafield>
    <datafield ind1="b" ind2="1" tag="700">
      <subfield code="a">338.9</subfield>
      <subfield code="c">22</subfield>
    </datafield>
    <datafield ind1="f" ind2="1" tag="700">
      <subfield code="a">83.13</subfield>
      <subfield code="b">Theorie der Wirtschaftspolitik, Wohlfahrtstheorie</subfield>
      <subfield code="z">Automatisch aus GBV_2011-10 2012-05-17</subfield>
    </datafield>
    <datafield ind1="g" ind2="1" tag="700">
      <subfield code="a">QD 010</subfield>
      <subfield code="O">Automatisch aus BVB_2013-06 2013-04-04</subfield>
    </datafield>
    <datafield ind1="a" ind2="1" tag="710">
      <subfield code="a">OECD</subfield>
    </datafield>
    <datafield ind1="a" ind2="1" tag="710">
      <subfield code="a">Wirtschaftspolitik</subfield>
    </datafield>
    <datafield ind1="f" ind2="1" tag="710">
      <subfield code="a">Tagungen, internationale</subfield>
    </datafield>
    <datafield ind1="-" ind2="1" tag="SG1">
      <subfield code="a">600</subfield>
    </datafield>
    <datafield ind1="u" ind2="1" tag="740">
      <subfield code="a">Economic</subfield>
      <subfield code="a">1945-</subfield>
      <subfield code="a">Congresses</subfield>
      <subfield code="z">Automatisch aus GBV_2011-10 2012-05-17</subfield>
    </datafield>
    <datafield ind1="-" ind2="1" tag="902">
      <subfield code="s">Wirtschaftspolitik</subfield>
      <subfield code="9">(DE-588)4066493-4</subfield>
    </datafield>
    <datafield ind1="-" ind2="1" tag="902">
      <subfield code="s">Leitbild</subfield>
      <subfield code="9">(DE-588)4035262-6</subfield>
    </datafield>
    <datafield ind1="-" ind2="1" tag="902">
      <subfield code="z">Geschichte 1970-1993</subfield>
    </datafield>
    <datafield ind1="-" ind2="1" tag="902">
      <subfield code="f">Aufsatzsammlung</subfield>
    </datafield>
    <controlfield tag="SYS">000182213</controlfield>
    <datafield ind1=" " ind2=" " tag="BKL">
      <subfield code="a">Theorie der Wirtschaftspolitik</subfield>
    </datafield>
    <datafield ind1=" " ind2=" " tag="BKL">
      <subfield code="a">Wohlfahrtstheorie</subfield>
    </datafield>
    <datafield ind1=" " ind2=" " tag="BKL">
      <subfield code="a">general economic theory: theory of economic policy and social welfare</subfield>
    </datafield>
    <datafield ind1=" " ind2=" " tag="BKL">
      <subfield code="a">theory of economic policy and social welfare &lt;general economic theory&gt;</subfield>
    </datafield>
    <datafield ind1=" " ind2=" " tag="BKL">
      <subfield code="a">&#xD6;konomische Theorie der Politik</subfield>
    </datafield>
    <datafield ind1=" " ind2=" " tag="BKL">
      <subfield code="a">&#xD6;konomische Theorie des Rechts</subfield>
    </datafield>
    <datafield ind1=" " ind2=" " tag="BKL">
      <subfield code="a">Marktversagen</subfield>
    </datafield>
    <datafield ind1=" " ind2=" " tag="BKL">
      <subfield code="a">Theorie der Wirtschaftsplanung</subfield>
    </datafield>
    <datafield ind1=" " ind2=" " tag="SWD">
      <subfield code="s">Idealbild</subfield>
      <subfield code="9">(DE-588)4035262-6</subfield>
    </datafield>
    <datafield ind1=" " ind2=" " tag="SWD">
      <subfield code="s">Volkswirtschaftspolitik</subfield>
      <subfield code="9">(DE-588)4066493-4</subfield>
    </datafield>
    <datafield ind1=" " ind2=" " tag="SWD">
      <subfield code="s">Allgemeine Wirtschaftspolitik</subfield>
      <subfield code="9">(DE-588)4066493-4</subfield>
    </datafield>
    <datafield ind1=" " ind2=" " tag="SWD">
      <subfield code="s">Volkswirtschaftspolitik</subfield>
      <subfield code="9">(DE-588)4066493-4</subfield>
    </datafield>
    <datafield ind1=" " ind2=" " tag="SWD">
      <subfield code="s">Allgemeine Wirtschaftspolitik</subfield>
      <subfield code="9">(DE-588)4066493-4</subfield>
    </datafield>
    <datafield ind1=" " ind2=" " tag="SWD">
      <subfield code="s">Idealbild</subfield>
      <subfield code="9">(DE-588)4035262-6</subfield>
    </datafield>
    <datafield ind1=" " ind2=" " tag="AVA">
      <subfield code="a">AKW50</subfield>
      <subfield code="b">XAW1</subfield>
      <subfield code="c">Magazin 1</subfield>
      <subfield code="d">B92248/1</subfield>
      <subfield code="e">available</subfield>
      <subfield code="t">Verf&#xFC;gbar</subfield>
      <subfield code="f">1</subfield>
      <subfield code="g">0</subfield>
      <subfield code="h">N</subfield>
      <subfield code="i">2</subfield>
      <subfield code="j">MAG1</subfield>
    </datafield>
    <datafield ind1="-" ind2="1" tag="Z30">
      <subfield code="1">XAW1</subfield>
      <subfield code="2">MAG1</subfield>
      <subfield code="3">B92248/1</subfield>
    </datafield>
  </record>