
  <record>
    <leader>00845nM2.01200024------h</leader>
    <controlfield tag="LDR">00845nM2.01200024------h</controlfield>
    <controlfield tag="FMT">MH</controlfield>
    <datafield ind1="-" ind2="1" tag="001">
      <subfield code="a">AC02855574</subfield>
    </datafield>
    <datafield ind1="z" ind2="1" tag="025">
      <subfield code="a">ZDB-1190134-2</subfield>
    </datafield>
    <controlfield tag="030">bz1dc||z|||37</controlfield>
    <datafield ind1="a" ind2="1" tag="036">
      <subfield code="a">AA</subfield>
      <subfield code="a">AT</subfield>
    </datafield>
    <datafield ind1="b" ind2="1" tag="037">
      <subfield code="a">ger</subfield>
    </datafield>
    <controlfield tag="052">z||||||tw||||||</controlfield>
    <datafield ind1="c" ind2="1" tag="078">
      <subfield code="a">wie</subfield>
      <subfield code="a">aus</subfield>
    </datafield>
    <datafield ind1="p" ind2="1" tag="078">
      <subfield code="a">ZEIT*970528*03</subfield>
    </datafield>
    <datafield ind1="b" ind2="1" tag="086">
      <subfield code="a">D9637</subfield>
    </datafield>
    <datafield ind1="b" ind2="1" tag="086">
      <subfield code="a">D9637</subfield>
    </datafield>
    <datafield ind1="c" ind2="1" tag="086">
      <subfield code="a">ZSabg.</subfield>
    </datafield>
    <datafield ind1="b" ind2="1" tag="200">
      <subfield code="k">Union der Textilarbeiter &#xD6;sterreichs</subfield>
      <subfield code="9">(DE-588)5005802-2</subfield>
    </datafield>
    <datafield ind1="-" ind2="1" tag="331">
      <subfield code="a">&lt;&lt;Der&gt;&gt; Textilarbeiter</subfield>
    </datafield>
    <datafield ind1="-" ind2="1" tag="335">
      <subfield code="a">Organ der Union der Textilarbeiter Deutsch&#xF6;sterreichs</subfield>
    </datafield>
    <datafield ind1="-" ind2="1" tag="405">
      <subfield code="a">1.1891 - 4.1894; [N.F.] 1.1900 - 35.1934</subfield>
    </datafield>
    <datafield ind1="-" ind2="1" tag="410">
      <subfield code="a">Wien</subfield>
    </datafield>
    <datafield ind1="-" ind2="1" tag="412">
      <subfield code="a">Dr.-u. Verl. -Anst. Vorw&#xE4;rts</subfield>
    </datafield>
    <datafield ind1="-" ind2="1" tag="418">
      <subfield code="a">Reichenberg</subfield>
      <subfield code="h">anfangs</subfield>
    </datafield>
    <datafield ind1="b" ind2="1" tag="425">
      <subfield code="a">1891</subfield>
    </datafield>
    <datafield ind1="c" ind2="1" tag="425">
      <subfield code="a">1934</subfield>
    </datafield>
    <datafield ind1="-" ind2="1" tag="507">
      <subfield code="a">Zusatz wechselt</subfield>
    </datafield>
    <datafield ind1="-" ind2="1" tag="523">
      <subfield code="a">Erscheinungsweise: w&#xF6;chentlich</subfield>
    </datafield>
    <datafield ind1="z" ind2="1" tag="532">
      <subfield code="p">1895 - 1899</subfield>
      <subfield code="a">Arbeiter-Presse</subfield>
      <subfield code="9">AC02696100</subfield>
    </datafield>
    <datafield ind1="-" ind2="1" tag="533">
      <subfield code="p">|Forts.</subfield>
      <subfield code="a">CSR Textilarbeiter</subfield>
    </datafield>
    <datafield ind1="b" ind2="1" tag="673">
      <subfield code="a">Wien</subfield>
    </datafield>
    <datafield ind1="b" ind2="1" tag="673">
      <subfield code="a">Reichenberg</subfield>
    </datafield>
    <datafield ind1="z" ind2="1" tag="700">
      <subfield code="a">100</subfield>
    </datafield>
    <datafield ind1="z" ind2="1" tag="700">
      <subfield code="a">640</subfield>
    </datafield>
    <datafield ind1="z" ind2="1" tag="700">
      <subfield code="a">z102</subfield>
    </datafield>
    <datafield ind1="b" ind2="1" tag="710">
      <subfield code="a">&#xD6;sterreich</subfield>
    </datafield>
    <datafield ind1="a" ind2="1" tag="710">
      <subfield code="a">Textilarbeiter</subfield>
    </datafield>
    <datafield ind1="a" ind2="1" tag="710">
      <subfield code="a">Gewerkschaften, freie</subfield>
    </datafield>
    <datafield ind1="f" ind2="1" tag="710">
      <subfield code="a">Zeitschriften</subfield>
    </datafield>
    <datafield ind1="-" ind2="1" tag="SG1">
      <subfield code="a">820</subfield>
    </datafield>
    <controlfield tag="SYS">000200576</controlfield>
    <datafield ind1=" " ind2="9" tag="071">
      <subfield code="a">AKW</subfield>
      <subfield code="2">XAW1</subfield>
    </datafield>
    <datafield ind1=" " ind2="9" tag="200">
      <subfield code="b">1894 - 1896 ; 1900 - 1901 ; 1907 ; 1910 ; 1912 ; 1915</subfield>
      <subfield code="f">D9637</subfield>
      <subfield code="g">Perabg</subfield>
      <subfield code="2">AKW</subfield>
    </datafield>
    <datafield ind1=" " ind2="9" tag="NTU">
      <subfield code="a">FSW-Bestand</subfield>
      <subfield code="2">XAW1</subfield>
    </datafield>
    <datafield ind1=" " ind2="9" tag="OWN">
      <subfield code="a">XAW1</subfield>
    </datafield>
    <datafield ind1=" " ind2=" " tag="KOR">
      <subfield code="k">Union der Textilarbeiter Deutsch&#xF6;sterreichs</subfield>
      <subfield code="9">(DE-588)5005802-2</subfield>
    </datafield>
    <datafield ind1=" " ind2=" " tag="KOR">
      <subfield code="k">Union der Textilarbeiter Deutsch&#xF6;sterreichs</subfield>
      <subfield code="9">(DE-588)5005802-2</subfield>
    </datafield>
    <datafield ind1=" " ind2=" " tag="AVA">
      <subfield code="a">AKW50</subfield>
      <subfield code="b">XAW1</subfield>
      <subfield code="c">BP Magazin (l&#xE4;ngere Aushebezeiten)</subfield>
      <subfield code="d">D9637/1894</subfield>
      <subfield code="e">available</subfield>
      <subfield code="t">Verf&#xFC;gbar</subfield>
      <subfield code="f">7</subfield>
      <subfield code="g">0</subfield>
      <subfield code="h">Y</subfield>
      <subfield code="i">9</subfield>
      <subfield code="j">MAG4</subfield>
    </datafield>
    <datafield ind1="-" ind2="2" tag="Z30">
      <subfield code="1">XAW1</subfield>
      <subfield code="2">MAG4</subfield>
      <subfield code="3">D9637/1894</subfield>
      <subfield code="b">1894</subfield>
      <subfield code="h">4.1894</subfield>
    </datafield>
    <datafield ind1="-" ind2="2" tag="Z30">
      <subfield code="1">XAW1</subfield>
      <subfield code="2">MAG4</subfield>
      <subfield code="3">D9637/1900</subfield>
      <subfield code="b">1900</subfield>
      <subfield code="h">1.1900</subfield>
    </datafield>
    <datafield ind1="-" ind2="2" tag="Z30">
      <subfield code="1">XAW1</subfield>
      <subfield code="2">MAG4</subfield>
      <subfield code="3">D9637/1901</subfield>
      <subfield code="b">1901</subfield>
      <subfield code="h">2.1901</subfield>
    </datafield>
    <datafield ind1="-" ind2="2" tag="Z30">
      <subfield code="1">XAW1</subfield>
      <subfield code="2">MAG4</subfield>
      <subfield code="3">D9637/1908</subfield>
      <subfield code="b">1908</subfield>
      <subfield code="h">9.1908</subfield>
    </datafield>
    <datafield ind1="-" ind2="2" tag="Z30">
      <subfield code="1">XAW1</subfield>
      <subfield code="2">MAG4</subfield>
      <subfield code="3">D9637/1910</subfield>
      <subfield code="b">1910</subfield>
      <subfield code="h">11.1910</subfield>
    </datafield>
    <datafield ind1="-" ind2="2" tag="Z30">
      <subfield code="1">XAW1</subfield>
      <subfield code="2">MAG4</subfield>
      <subfield code="3">D9637/1912</subfield>
      <subfield code="b">1912</subfield>
      <subfield code="h">13.1912</subfield>
    </datafield>
    <datafield ind1="-" ind2="2" tag="Z30">
      <subfield code="1">XAW1</subfield>
      <subfield code="2">MAG4</subfield>
      <subfield code="3">D9637/1915</subfield>
      <subfield code="b">1915</subfield>
      <subfield code="h">16.1915</subfield>
    </datafield>
  </record>