
  <record>
    <leader>00973nM2.01000024------h</leader>
    <controlfield tag="LDR">00973nM2.01000024------h</controlfield>
    <controlfield tag="FMT">MH</controlfield>
    <datafield ind1="-" ind2="1" tag="001">
      <subfield code="a">AC01180912</subfield>
    </datafield>
    <controlfield tag="030">z|1dcr|||||37</controlfield>
    <datafield ind1="a" ind2="1" tag="036">
      <subfield code="a">AT</subfield>
    </datafield>
    <datafield ind1="b" ind2="1" tag="037">
      <subfield code="a">ger</subfield>
    </datafield>
    <controlfield tag="050">a|a|||||||||||</controlfield>
    <controlfield tag="051">s||||||</controlfield>
    <datafield ind1="s" ind2="1" tag="076">
      <subfield code="a">12</subfield>
    </datafield>
    <datafield ind1="b" ind2="1" tag="100">
      <subfield code="a">Hahn, Franz R.</subfield>
    </datafield>
    <datafield ind1="-" ind2="1" tag="331">
      <subfield code="a">Faktorproduktivit&#xE4;t im internationalen Vergleich</subfield>
    </datafield>
    <datafield ind1="-" ind2="1" tag="335">
      <subfield code="a">Belgien, Deutschland, Niederlande, &#xD6;sterreich und Schweden ; AK-Tagung der Kammer f&#xFC;r Arbeiter und Angestellte f&#xFC;r Wien</subfield>
    </datafield>
    <datafield ind1="-" ind2="1" tag="359">
      <subfield code="a">Franz R. Hahn ...</subfield>
    </datafield>
    <datafield ind1="-" ind2="1" tag="410">
      <subfield code="a">Wien</subfield>
    </datafield>
    <datafield ind1="-" ind2="1" tag="412">
      <subfield code="a">Orac</subfield>
    </datafield>
    <datafield ind1="a" ind2="1" tag="425">
      <subfield code="a">1995</subfield>
    </datafield>
    <datafield ind1="-" ind2="1" tag="433">
      <subfield code="a">117 S.</subfield>
    </datafield>
    <datafield ind1="-" ind2="1" tag="434">
      <subfield code="a">graph. Darst.</subfield>
    </datafield>
    <datafield ind1="-" ind2="1" tag="435">
      <subfield code="a">24 cm</subfield>
    </datafield>
    <datafield ind1="-" ind2="1" tag="451">
      <subfield code="a">Reihe Wirtschaftswissenschaftliche Tagungen der Arbeiterkammer Wien ; 3</subfield>
    </datafield>
    <datafield ind1="r" ind2="1" tag="453">
      <subfield code="a">AC00766881</subfield>
    </datafield>
    <datafield ind1="b" ind2="1" tag="454">
      <subfield code="a">Kammer f&#xFC;r Arbeiter und Angestellte &lt;Wien&gt;: Reihe Wirtschaftswissenschaftliche Tagungen der Arbeiterkammer Wien</subfield>
    </datafield>
    <datafield ind1="-" ind2="1" tag="455">
      <subfield code="a">3</subfield>
    </datafield>
    <datafield ind1="-" ind2="1" tag="456">
      <subfield code="a">3</subfield>
    </datafield>
    <datafield ind1="-" ind2="1" tag="516">
      <subfield code="a">Beitr. teilw. dt., teilw. engl.</subfield>
    </datafield>
    <datafield ind1="-" ind2="1" tag="517">
      <subfield code="a">Literaturangaben</subfield>
    </datafield>
    <datafield ind1="a" ind2="1" tag="540">
      <subfield code="a">3-7007-0685-5</subfield>
      <subfield code="b">kart. : EUR 14,39</subfield>
    </datafield>
    <datafield ind1="-" ind2="1" tag="580">
      <subfield code="a">OeB1995,A</subfield>
    </datafield>
    <datafield ind1="e" ind2="1" tag="655">
      <subfield code="m">V:AT-OBV;B:AT-OeNB</subfield>
      <subfield code="q">application/pdf</subfield>
      <subfield code="u">http://media.obvsg.at/AC01180912-1001</subfield>
      <subfield code="x">ONB-IV</subfield>
      <subfield code="3">Inhaltsverzeichnis</subfield>
      <subfield code="A">2</subfield>
    </datafield>
    <datafield ind1="b" ind2="1" tag="700">
      <subfield code="a">338.06</subfield>
      <subfield code="c">22</subfield>
    </datafield>
    <datafield ind1="b" ind2="1" tag="710">
      <subfield code="a">Belgien</subfield>
    </datafield>
    <datafield ind1="b" ind2="1" tag="710">
      <subfield code="a">Deutschland</subfield>
    </datafield>
    <datafield ind1="b" ind2="1" tag="710">
      <subfield code="a">Niederlande</subfield>
    </datafield>
    <datafield ind1="b" ind2="1" tag="710">
      <subfield code="a">&#xD6;sterreich</subfield>
    </datafield>
    <datafield ind1="b" ind2="1" tag="710">
      <subfield code="a">Schweden</subfield>
    </datafield>
    <datafield ind1="a" ind2="1" tag="710">
      <subfield code="a">Wirtschaftspolitik</subfield>
    </datafield>
    <datafield ind1="a" ind2="1" tag="710">
      <subfield code="a">Arbeitsproduktivit&#xE4;t</subfield>
    </datafield>
    <datafield ind1="a" ind2="1" tag="710">
      <subfield code="a">Produktivit&#xE4;t</subfield>
    </datafield>
    <datafield ind1="a" ind2="1" tag="710">
      <subfield code="a">Strukturanalyse</subfield>
    </datafield>
    <datafield ind1="a" ind2="1" tag="710">
      <subfield code="a">Wirtschaftsvergleichung</subfield>
    </datafield>
    <datafield ind1="-" ind2="1" tag="SG1">
      <subfield code="a">600</subfield>
    </datafield>
    <datafield ind1="-" ind2="1" tag="902">
      <subfield code="s">Faktorproduktivit&#xE4;t</subfield>
      <subfield code="9">(DE-588)4453815-7</subfield>
    </datafield>
    <datafield ind1="-" ind2="1" tag="902">
      <subfield code="s">Internationaler Vergleich</subfield>
      <subfield code="9">(DE-588)4120509-1</subfield>
    </datafield>
    <datafield ind1="-" ind2="1" tag="902">
      <subfield code="f">Kongre&#xDF;</subfield>
    </datafield>
    <datafield ind1="-" ind2="1" tag="902">
      <subfield code="g">Wien &lt;1994&gt;</subfield>
    </datafield>
    <controlfield tag="SYS">000206260</controlfield>
    <datafield ind1=" " ind2=" " tag="SWD">
      <subfield code="s">L&#xE4;ndervergleich</subfield>
      <subfield code="9">(DE-588)4120509-1</subfield>
    </datafield>
    <datafield ind1=" " ind2=" " tag="SWD">
      <subfield code="s">L&#xE4;ndervergleich</subfield>
      <subfield code="9">(DE-588)4120509-1</subfield>
    </datafield>
    <datafield ind1=" " ind2=" " tag="AVA">
      <subfield code="a">AKW50</subfield>
      <subfield code="b">XAW1</subfield>
      <subfield code="c">Hauptmagazin</subfield>
      <subfield code="d">B95964</subfield>
      <subfield code="e">available</subfield>
      <subfield code="t">Verf&#xFC;gbar</subfield>
      <subfield code="f">2</subfield>
      <subfield code="g">0</subfield>
      <subfield code="h">N</subfield>
      <subfield code="i">0</subfield>
      <subfield code="j">MAG1</subfield>
    </datafield>
    <datafield ind1="-" ind2="1" tag="Z30">
      <subfield code="1">XAW1</subfield>
      <subfield code="2">MAG1</subfield>
      <subfield code="3">B95964</subfield>
    </datafield>
    <datafield ind1="-" ind2="1" tag="Z30">
      <subfield code="1">XAW1</subfield>
      <subfield code="2">MAG1</subfield>
      <subfield code="3">B95964</subfield>
    </datafield>
  </record>