
  <record>
    <leader>01135nM2.01000024------h</leader>
    <controlfield tag="LDR">01135nM2.01000024------h</controlfield>
    <controlfield tag="FMT">MH</controlfield>
    <datafield ind1="-" ind2="1" tag="001">
      <subfield code="a">AC02475238</subfield>
    </datafield>
    <controlfield tag="030">z|1dcr|||||37</controlfield>
    <datafield ind1="a" ind2="1" tag="036">
      <subfield code="a">AT</subfield>
    </datafield>
    <datafield ind1="b" ind2="1" tag="037">
      <subfield code="a">mul</subfield>
    </datafield>
    <controlfield tag="050">a|a|||||||||||</controlfield>
    <controlfield tag="051">s||||||</controlfield>
    <datafield ind1="s" ind2="1" tag="076">
      <subfield code="a">12</subfield>
    </datafield>
    <datafield ind1="b" ind2="1" tag="100">
      <subfield code="a">Chaloupek, G&#xFC;nther</subfield>
      <subfield code="b">[Hrsg.]</subfield>
    </datafield>
    <datafield ind1="b" ind2="1" tag="200">
      <subfield code="k">Kammer f&#xFC;r Arbeiter und Angestellte f&#xFC;r Wien</subfield>
      <subfield code="9">(DE-588)2015235-8</subfield>
    </datafield>
    <datafield ind1="-" ind2="1" tag="331">
      <subfield code="a">&lt;&lt;Die&gt;&gt; Besch&#xE4;ftigungsentwicklung im Dienstleistungssektor</subfield>
    </datafield>
    <datafield ind1="-" ind2="1" tag="335">
      <subfield code="a">Tagung der Kammer f&#xFC;r Arbeiter und Angestellte f&#xFC;r Wien</subfield>
    </datafield>
    <datafield ind1="-" ind2="1" tag="359">
      <subfield code="a">G&#xFC;nther Chaloupek ... (Hrsg.)</subfield>
    </datafield>
    <datafield ind1="-" ind2="1" tag="410">
      <subfield code="a">Wien</subfield>
    </datafield>
    <datafield ind1="-" ind2="1" tag="412">
      <subfield code="a">Orac</subfield>
    </datafield>
    <datafield ind1="a" ind2="1" tag="425">
      <subfield code="a">1998</subfield>
    </datafield>
    <datafield ind1="-" ind2="1" tag="433">
      <subfield code="a">110 S.</subfield>
    </datafield>
    <datafield ind1="-" ind2="1" tag="434">
      <subfield code="a">graph. Darst.</subfield>
    </datafield>
    <datafield ind1="-" ind2="1" tag="435">
      <subfield code="a">24 cm</subfield>
    </datafield>
    <datafield ind1="-" ind2="1" tag="451">
      <subfield code="a">Reihe Wirtschaftswissenschaftliche Tagungen der Arbeiterkammer Wien ; 4</subfield>
    </datafield>
    <datafield ind1="r" ind2="1" tag="453">
      <subfield code="a">AC00766881</subfield>
    </datafield>
    <datafield ind1="b" ind2="1" tag="454">
      <subfield code="a">Kammer f&#xFC;r Arbeiter und Angestellte &lt;Wien&gt;: Reihe Wirtschaftswissenschaftliche Tagungen der Arbeiterkammer Wien</subfield>
    </datafield>
    <datafield ind1="-" ind2="1" tag="455">
      <subfield code="a">4</subfield>
    </datafield>
    <datafield ind1="-" ind2="1" tag="456">
      <subfield code="a">4</subfield>
    </datafield>
    <datafield ind1="-" ind2="1" tag="516">
      <subfield code="a">Beitr. teilw. dt., teilw. engl.</subfield>
    </datafield>
    <datafield ind1="-" ind2="1" tag="517">
      <subfield code="a">Literaturangaben</subfield>
    </datafield>
    <datafield ind1="a" ind2="1" tag="540">
      <subfield code="a">3-7007-1382-7</subfield>
      <subfield code="b">kart. : 198,- ; DM 27,10 ; sfr 27,10</subfield>
    </datafield>
    <datafield ind1="-" ind2="1" tag="580">
      <subfield code="a">OeB1999,A,06/07 05</subfield>
    </datafield>
    <datafield ind1="e" ind2="1" tag="655">
      <subfield code="m">V:AT-OBV;B:AT-OeNB</subfield>
      <subfield code="q">application/pdf</subfield>
      <subfield code="u">http://media.obvsg.at/AC02475238-1001</subfield>
      <subfield code="x">ONB-IV</subfield>
      <subfield code="3">Inhaltsverzeichnis</subfield>
      <subfield code="A">2</subfield>
    </datafield>
    <datafield ind1="f" ind2="1" tag="700">
      <subfield code="a">83.68</subfield>
      <subfield code="b">Dienstleistungen: Allgemeines</subfield>
      <subfield code="O">Automatisch generiert aus Konkordanz RVK-BK-Wirtschaftswissenschaften</subfield>
    </datafield>
    <datafield ind1="g" ind2="1" tag="700">
      <subfield code="a">QR 560</subfield>
      <subfield code="O">Automatisch aus BVB_2013-06 2013-04-29</subfield>
    </datafield>
    <datafield ind1="b" ind2="1" tag="710">
      <subfield code="a">Bundesrepublik Deutschland</subfield>
    </datafield>
    <datafield ind1="b" ind2="1" tag="710">
      <subfield code="a">Niederlande</subfield>
    </datafield>
    <datafield ind1="b" ind2="1" tag="710">
      <subfield code="a">&#xD6;sterreich</subfield>
    </datafield>
    <datafield ind1="a" ind2="1" tag="710">
      <subfield code="a">Dienstleistungen</subfield>
    </datafield>
    <datafield ind1="a" ind2="1" tag="710">
      <subfield code="a">Arbeitsmarkt</subfield>
    </datafield>
    <datafield ind1="f" ind2="1" tag="710">
      <subfield code="a">Tagungen, internationale</subfield>
    </datafield>
    <datafield ind1="-" ind2="1" tag="SG1">
      <subfield code="a">800</subfield>
    </datafield>
    <datafield ind1="-" ind2="1" tag="902">
      <subfield code="g">&#xD6;sterreich</subfield>
      <subfield code="9">(DE-588)4043271-3</subfield>
    </datafield>
    <datafield ind1="-" ind2="1" tag="902">
      <subfield code="s">Dienstleistungssektor</subfield>
      <subfield code="9">(DE-588)4012183-5</subfield>
    </datafield>
    <datafield ind1="-" ind2="1" tag="902">
      <subfield code="s">Besch&#xE4;ftigungsentwicklung</subfield>
      <subfield code="9">(DE-588)4135129-0</subfield>
    </datafield>
    <datafield ind1="-" ind2="1" tag="902">
      <subfield code="g">Deutschland</subfield>
      <subfield code="9">(DE-588)4011882-4</subfield>
    </datafield>
    <datafield ind1="-" ind2="1" tag="902">
      <subfield code="g">Niederlande</subfield>
      <subfield code="9">(DE-588)4042203-3</subfield>
    </datafield>
    <datafield ind1="-" ind2="1" tag="902">
      <subfield code="f">Kongre&#xDF;</subfield>
    </datafield>
    <datafield ind1="-" ind2="1" tag="902">
      <subfield code="g">Wien &lt;1998&gt;</subfield>
    </datafield>
    <controlfield tag="SYS">000230201</controlfield>
    <datafield ind1=" " ind2=" " tag="SWD">
      <subfield code="g">Staat Holland</subfield>
      <subfield code="9">(DE-588)4042203-3</subfield>
    </datafield>
    <datafield ind1=" " ind2=" " tag="SWD">
      <subfield code="g">Vereinigte Niederlande</subfield>
      <subfield code="9">(DE-588)4042203-3</subfield>
    </datafield>
    <datafield ind1=" " ind2=" " tag="SWD">
      <subfield code="g">Batavische Republik</subfield>
      <subfield code="9">(DE-588)4042203-3</subfield>
    </datafield>
    <datafield ind1=" " ind2=" " tag="SWD">
      <subfield code="9">(DE-588)37288-2</subfield>
    </datafield>
    <datafield ind1=" " ind2=" " tag="SWD">
      <subfield code="g">Holland</subfield>
      <subfield code="h">K&#xF6;nigreich</subfield>
      <subfield code="9">(DE-588)4042203-3</subfield>
    </datafield>
    <datafield ind1=" " ind2=" " tag="SWD">
      <subfield code="g">Republik der Sieben Vereinigten Provinzen</subfield>
      <subfield code="9">(DE-588)4042203-3</subfield>
    </datafield>
    <datafield ind1=" " ind2=" " tag="SWD">
      <subfield code="g">Holland</subfield>
      <subfield code="h">Niederlande</subfield>
      <subfield code="9">(DE-588)4042203-3</subfield>
    </datafield>
    <datafield ind1=" " ind2=" " tag="SWD">
      <subfield code="g">Koninkrijk der Nederlanden</subfield>
      <subfield code="9">(DE-588)4042203-3</subfield>
    </datafield>
    <datafield ind1=" " ind2=" " tag="SWD">
      <subfield code="g">Nederland</subfield>
      <subfield code="9">(DE-588)4042203-3</subfield>
    </datafield>
    <datafield ind1=" " ind2=" " tag="SWD">
      <subfield code="g">Nederlanden</subfield>
      <subfield code="9">(DE-588)4042203-3</subfield>
    </datafield>
    <datafield ind1=" " ind2=" " tag="SWD">
      <subfield code="g">Netherlands</subfield>
      <subfield code="9">(DE-588)4042203-3</subfield>
    </datafield>
    <datafield ind1=" " ind2=" " tag="SWD">
      <subfield code="g">K&#xF6;nigreich der Niederlande</subfield>
      <subfield code="9">(DE-588)4042203-3</subfield>
    </datafield>
    <datafield ind1=" " ind2=" " tag="SWD">
      <subfield code="g">Nederland</subfield>
      <subfield code="h">Gebiet unter Deutscher Besatzung, 1940-1945</subfield>
      <subfield code="9">(DE-588)4042203-3</subfield>
    </datafield>
    <datafield ind1=" " ind2=" " tag="SWD">
      <subfield code="g">Besetzte Niederl&#xE4;ndische Gebiete</subfield>
      <subfield code="9">(DE-588)4042203-3</subfield>
    </datafield>
    <datafield ind1=" " ind2=" " tag="SWD">
      <subfield code="g">&lt;&lt;Het&gt;&gt; Besette Nederlandsche Gebied</subfield>
      <subfield code="9">(DE-588)4042203-3</subfield>
    </datafield>
    <datafield ind1=" " ind2=" " tag="SWD">
      <subfield code="g">Pays-Bas</subfield>
      <subfield code="h">Niederlande</subfield>
      <subfield code="9">(DE-588)4042203-3</subfield>
    </datafield>
    <datafield ind1=" " ind2=" " tag="SWD">
      <subfield code="g">Royaume des Pays-Bas</subfield>
      <subfield code="9">(DE-588)4042203-3</subfield>
    </datafield>
    <datafield ind1=" " ind2=" " tag="KOR">
      <subfield code="k">Kammer f&#xFC;r Arbeiter und Angestellte Wien</subfield>
      <subfield code="9">(DE-588)2015235-8</subfield>
    </datafield>
    <datafield ind1=" " ind2=" " tag="KOR">
      <subfield code="k">Kammer f&#xFC;r Arbeiter und Angestellte f&#xFC;r Wien</subfield>
      <subfield code="b">Pressestelle</subfield>
      <subfield code="9">(DE-588)2015235-8</subfield>
    </datafield>
    <datafield ind1=" " ind2=" " tag="KOR">
      <subfield code="k">Arbeiterkammer Wien</subfield>
      <subfield code="9">(DE-588)2015235-8</subfield>
    </datafield>
    <datafield ind1=" " ind2=" " tag="KOR">
      <subfield code="k">Kammer f&#xFC;r Arbeiter und Angestellte in Wien</subfield>
      <subfield code="9">(DE-588)2015235-8</subfield>
    </datafield>
    <datafield ind1=" " ind2=" " tag="KOR">
      <subfield code="k">Arbeiterkammer in Wien</subfield>
      <subfield code="9">(DE-588)2015235-8</subfield>
    </datafield>
    <datafield ind1=" " ind2=" " tag="KOR">
      <subfield code="9">(DE-588)4073178-9</subfield>
    </datafield>
    <datafield ind1=" " ind2=" " tag="KOR">
      <subfield code="k">Kammer f&#xFC;r Arbeiter und Angestellte</subfield>
      <subfield code="h">Wien</subfield>
      <subfield code="9">(DE-588)2015235-8</subfield>
    </datafield>
    <datafield ind1=" " ind2=" " tag="KOR">
      <subfield code="k">Wiener Kammer f&#xFC;r Arbeiter und Angestellte</subfield>
      <subfield code="9">(DE-588)2015235-8</subfield>
    </datafield>
    <datafield ind1=" " ind2=" " tag="KOR">
      <subfield code="k">Wiener Arbeiterkammer</subfield>
      <subfield code="9">(DE-588)2015235-8</subfield>
    </datafield>
    <datafield ind1=" " ind2=" " tag="KOR">
      <subfield code="k">Palata Truda</subfield>
      <subfield code="h">Wien</subfield>
      <subfield code="9">(DE-588)2015235-8</subfield>
    </datafield>
    <datafield ind1=" " ind2=" " tag="KOR">
      <subfield code="k">Chambers of Labour</subfield>
      <subfield code="9">(DE-588)2015235-8</subfield>
    </datafield>
    <datafield ind1=" " ind2=" " tag="KOR">
      <subfield code="k">Chambres du Travail</subfield>
      <subfield code="9">(DE-588)2015235-8</subfield>
    </datafield>
    <datafield ind1=" " ind2=" " tag="KOR">
      <subfield code="k">AK</subfield>
      <subfield code="9">(DE-588)2015235-8</subfield>
    </datafield>
    <datafield ind1=" " ind2=" " tag="KOR">
      <subfield code="k">AK Wien</subfield>
      <subfield code="9">(DE-588)2015235-8</subfield>
    </datafield>
    <datafield ind1=" " ind2=" " tag="SWD">
      <subfield code="s">Dienstleistungsbereich</subfield>
      <subfield code="9">(DE-588)4012183-5</subfield>
    </datafield>
    <datafield ind1=" " ind2=" " tag="SWD">
      <subfield code="s">Terti&#xE4;rbereich</subfield>
      <subfield code="h">Wirtschaft</subfield>
      <subfield code="9">(DE-588)4012183-5</subfield>
    </datafield>
    <datafield ind1=" " ind2=" " tag="SWD">
      <subfield code="s">Terti&#xE4;rer Bereich</subfield>
      <subfield code="h">Wirtschaft</subfield>
      <subfield code="9">(DE-588)4012183-5</subfield>
    </datafield>
    <datafield ind1=" " ind2=" " tag="SWD">
      <subfield code="s">Terti&#xE4;rer Sektor</subfield>
      <subfield code="9">(DE-588)4012183-5</subfield>
    </datafield>
    <datafield ind1=" " ind2=" " tag="SWD">
      <subfield code="s">Terti&#xE4;risierung</subfield>
      <subfield code="9">(DE-588)4012183-5</subfield>
    </datafield>
    <datafield ind1=" " ind2=" " tag="SWD">
      <subfield code="s">Dienstleistungsgewerbe</subfield>
      <subfield code="9">(DE-588)4012183-5</subfield>
    </datafield>
    <datafield ind1=" " ind2=" " tag="SWD">
      <subfield code="9">(DE-588)35878-2</subfield>
    </datafield>
    <datafield ind1=" " ind2=" " tag="SWD">
      <subfield code="g">&lt;&lt;Die&gt;&gt; im Reichsrat vertretenen K&#xF6;nigreiche und L&#xE4;nder</subfield>
      <subfield code="h">&#xD6;sterreich</subfield>
      <subfield code="9">(DE-588)4043271-3</subfield>
    </datafield>
    <datafield ind1=" " ind2=" " tag="SWD">
      <subfield code="g">Zisleithanien</subfield>
      <subfield code="9">(DE-588)4043271-3</subfield>
    </datafield>
    <datafield ind1=" " ind2=" " tag="SWD">
      <subfield code="g">Cisleithanien</subfield>
      <subfield code="9">(DE-588)4043271-3</subfield>
    </datafield>
    <datafield ind1=" " ind2=" " tag="SWD">
      <subfield code="g">Habsburgermonarchie</subfield>
      <subfield code="9">(DE-588)4043271-3</subfield>
    </datafield>
    <datafield ind1=" " ind2=" " tag="SWD">
      <subfield code="g">Habsburgerreich</subfield>
      <subfield code="9">(DE-588)4043271-3</subfield>
    </datafield>
    <datafield ind1=" " ind2=" " tag="SWD">
      <subfield code="g">Austria</subfield>
      <subfield code="9">(DE-588)4043271-3</subfield>
    </datafield>
    <datafield ind1=" " ind2=" " tag="SWD">
      <subfield code="g">Republik &#xD6;sterreich</subfield>
      <subfield code="9">(DE-588)4043271-3</subfield>
    </datafield>
    <datafield ind1=" " ind2=" " tag="SWD">
      <subfield code="g">&#xD6;sterreich</subfield>
      <subfield code="h">Zweite Republik</subfield>
      <subfield code="9">(DE-588)4043271-3</subfield>
    </datafield>
    <datafield ind1=" " ind2=" " tag="SWD">
      <subfield code="g">Bundesstaat &#xD6;sterreich</subfield>
      <subfield code="9">(DE-588)4043271-3</subfield>
    </datafield>
    <datafield ind1=" " ind2=" " tag="SWD">
      <subfield code="g">&#xD6;sterreich</subfield>
      <subfield code="h">Erste Republik</subfield>
      <subfield code="9">(DE-588)4043271-3</subfield>
    </datafield>
    <datafield ind1=" " ind2=" " tag="SWD">
      <subfield code="g">Deutsch&#xF6;sterreich</subfield>
      <subfield code="9">(DE-588)4043271-3</subfield>
    </datafield>
    <datafield ind1=" " ind2=" " tag="SWD">
      <subfield code="g">Staat Deutsch&#xF6;sterreich</subfield>
      <subfield code="9">(DE-588)4043271-3</subfield>
    </datafield>
    <datafield ind1=" " ind2=" " tag="SWD">
      <subfield code="g">Land &#xD6;sterreich</subfield>
      <subfield code="9">(DE-588)4043271-3</subfield>
    </datafield>
    <datafield ind1=" " ind2=" " tag="SWD">
      <subfield code="g">Kaisertum &#xD6;sterreich</subfield>
      <subfield code="9">(DE-588)4043271-3</subfield>
    </datafield>
    <datafield ind1=" " ind2=" " tag="SWD">
      <subfield code="g">Kaiserthum &#xD6;sterreich</subfield>
      <subfield code="9">(DE-588)4043271-3</subfield>
    </datafield>
    <datafield ind1=" " ind2=" " tag="SWD">
      <subfield code="g">&#xD6;sterreichische Monarchie</subfield>
      <subfield code="9">(DE-588)4043271-3</subfield>
    </datafield>
    <datafield ind1=" " ind2=" " tag="SWD">
      <subfield code="g">Ostmark</subfield>
      <subfield code="h">&#xD6;sterreich</subfield>
      <subfield code="9">(DE-588)4043271-3</subfield>
    </datafield>
    <datafield ind1=" " ind2=" " tag="SWD">
      <subfield code="g">Autriche</subfield>
      <subfield code="9">(DE-588)4043271-3</subfield>
    </datafield>
    <datafield ind1=" " ind2=" " tag="SWD">
      <subfield code="g">Austrya</subfield>
      <subfield code="9">(DE-588)4043271-3</subfield>
    </datafield>
    <datafield ind1=" " ind2=" " tag="SWD">
      <subfield code="g">Austrja</subfield>
      <subfield code="9">(DE-588)4043271-3</subfield>
    </datafield>
    <datafield ind1=" " ind2=" " tag="SWD">
      <subfield code="g">Ostmark</subfield>
      <subfield code="9">(DE-588)4043271-3</subfield>
    </datafield>
    <datafield ind1=" " ind2=" " tag="SWD">
      <subfield code="9">(DE-588)1085175685</subfield>
    </datafield>
    <datafield ind1=" " ind2=" " tag="SWD">
      <subfield code="9">(DE-588)1087268060</subfield>
    </datafield>
    <datafield ind1=" " ind2=" " tag="SWD">
      <subfield code="g">Staat Holland</subfield>
      <subfield code="9">(DE-588)4042203-3</subfield>
    </datafield>
    <datafield ind1=" " ind2=" " tag="SWD">
      <subfield code="g">Vereinigte Niederlande</subfield>
      <subfield code="9">(DE-588)4042203-3</subfield>
    </datafield>
    <datafield ind1=" " ind2=" " tag="SWD">
      <subfield code="g">Batavische Republik</subfield>
      <subfield code="9">(DE-588)4042203-3</subfield>
    </datafield>
    <datafield ind1=" " ind2=" " tag="SWD">
      <subfield code="9">(DE-588)37288-2</subfield>
    </datafield>
    <datafield ind1=" " ind2=" " tag="SWD">
      <subfield code="g">Holland</subfield>
      <subfield code="h">K&#xF6;nigreich</subfield>
      <subfield code="9">(DE-588)4042203-3</subfield>
    </datafield>
    <datafield ind1=" " ind2=" " tag="SWD">
      <subfield code="g">Republik der Sieben Vereinigten Provinzen</subfield>
      <subfield code="9">(DE-588)4042203-3</subfield>
    </datafield>
    <datafield ind1=" " ind2=" " tag="SWD">
      <subfield code="g">Holland</subfield>
      <subfield code="h">Niederlande</subfield>
      <subfield code="9">(DE-588)4042203-3</subfield>
    </datafield>
    <datafield ind1=" " ind2=" " tag="SWD">
      <subfield code="g">Koninkrijk der Nederlanden</subfield>
      <subfield code="9">(DE-588)4042203-3</subfield>
    </datafield>
    <datafield ind1=" " ind2=" " tag="SWD">
      <subfield code="g">Nederland</subfield>
      <subfield code="9">(DE-588)4042203-3</subfield>
    </datafield>
    <datafield ind1=" " ind2=" " tag="SWD">
      <subfield code="g">Nederlanden</subfield>
      <subfield code="9">(DE-588)4042203-3</subfield>
    </datafield>
    <datafield ind1=" " ind2=" " tag="SWD">
      <subfield code="g">Netherlands</subfield>
      <subfield code="9">(DE-588)4042203-3</subfield>
    </datafield>
    <datafield ind1=" " ind2=" " tag="SWD">
      <subfield code="g">K&#xF6;nigreich der Niederlande</subfield>
      <subfield code="9">(DE-588)4042203-3</subfield>
    </datafield>
    <datafield ind1=" " ind2=" " tag="SWD">
      <subfield code="g">Nederland</subfield>
      <subfield code="h">Gebiet unter Deutscher Besatzung, 1940-1945</subfield>
      <subfield code="9">(DE-588)4042203-3</subfield>
    </datafield>
    <datafield ind1=" " ind2=" " tag="SWD">
      <subfield code="g">Besetzte Niederl&#xE4;ndische Gebiete</subfield>
      <subfield code="9">(DE-588)4042203-3</subfield>
    </datafield>
    <datafield ind1=" " ind2=" " tag="SWD">
      <subfield code="g">&lt;&lt;Het&gt;&gt; Besette Nederlandsche Gebied</subfield>
      <subfield code="9">(DE-588)4042203-3</subfield>
    </datafield>
    <datafield ind1=" " ind2=" " tag="SWD">
      <subfield code="g">Pays-Bas</subfield>
      <subfield code="h">Niederlande</subfield>
      <subfield code="9">(DE-588)4042203-3</subfield>
    </datafield>
    <datafield ind1=" " ind2=" " tag="SWD">
      <subfield code="g">Royaume des Pays-Bas</subfield>
      <subfield code="9">(DE-588)4042203-3</subfield>
    </datafield>
    <datafield ind1=" " ind2=" " tag="SWD">
      <subfield code="s">Arbeitsplatz</subfield>
      <subfield code="x">Entwicklung</subfield>
      <subfield code="9">(DE-588)4135129-0</subfield>
    </datafield>
    <datafield ind1=" " ind2=" " tag="SWD">
      <subfield code="s">Arbeitsplatzentwicklung</subfield>
      <subfield code="9">(DE-588)4135129-0</subfield>
    </datafield>
    <datafield ind1=" " ind2=" " tag="SWD">
      <subfield code="s">Besch&#xE4;ftigtenentwicklung</subfield>
      <subfield code="9">(DE-588)4135129-0</subfield>
    </datafield>
    <datafield ind1=" " ind2=" " tag="SWD">
      <subfield code="s">Besch&#xE4;ftigung</subfield>
      <subfield code="x">Entwicklung</subfield>
      <subfield code="9">(DE-588)4135129-0</subfield>
    </datafield>
    <datafield ind1=" " ind2=" " tag="SWD">
      <subfield code="s">Dienstleistungsbereich</subfield>
      <subfield code="9">(DE-588)4012183-5</subfield>
    </datafield>
    <datafield ind1=" " ind2=" " tag="SWD">
      <subfield code="s">Terti&#xE4;rbereich</subfield>
      <subfield code="h">Wirtschaft</subfield>
      <subfield code="9">(DE-588)4012183-5</subfield>
    </datafield>
    <datafield ind1=" " ind2=" " tag="SWD">
      <subfield code="s">Terti&#xE4;rer Bereich</subfield>
      <subfield code="h">Wirtschaft</subfield>
      <subfield code="9">(DE-588)4012183-5</subfield>
    </datafield>
    <datafield ind1=" " ind2=" " tag="SWD">
      <subfield code="s">Terti&#xE4;rer Sektor</subfield>
      <subfield code="9">(DE-588)4012183-5</subfield>
    </datafield>
    <datafield ind1=" " ind2=" " tag="SWD">
      <subfield code="s">Terti&#xE4;risierung</subfield>
      <subfield code="9">(DE-588)4012183-5</subfield>
    </datafield>
    <datafield ind1=" " ind2=" " tag="SWD">
      <subfield code="s">Dienstleistungsgewerbe</subfield>
      <subfield code="9">(DE-588)4012183-5</subfield>
    </datafield>
    <datafield ind1=" " ind2=" " tag="SWD">
      <subfield code="g">Deutsches Reich</subfield>
      <subfield code="9">(DE-588)4011882-4</subfield>
    </datafield>
    <datafield ind1=" " ind2=" " tag="SWD">
      <subfield code="g">Deutsche L&#xE4;nder</subfield>
      <subfield code="9">(DE-588)4011882-4</subfield>
    </datafield>
    <datafield ind1=" " ind2=" " tag="SWD">
      <subfield code="g">Sacrum Romanum Imperium</subfield>
      <subfield code="9">(DE-588)4011882-4</subfield>
    </datafield>
    <datafield ind1=" " ind2=" " tag="SWD">
      <subfield code="g">R&#xF6;misch-Deutsches Reich</subfield>
      <subfield code="9">(DE-588)4011882-4</subfield>
    </datafield>
    <datafield ind1=" " ind2=" " tag="SWD">
      <subfield code="g">Deutschland</subfield>
      <subfield code="h">Gebiet unter Alliierter Besatzung</subfield>
      <subfield code="9">(DE-588)4011882-4</subfield>
    </datafield>
    <datafield ind1=" " ind2=" " tag="SWD">
      <subfield code="g">Deutschland</subfield>
      <subfield code="h">Bundesrepublik, 1990-</subfield>
      <subfield code="9">(DE-588)4011882-4</subfield>
    </datafield>
    <datafield ind1=" " ind2=" " tag="SWD">
      <subfield code="g">BRD</subfield>
      <subfield code="h">1990-</subfield>
      <subfield code="9">(DE-588)4011882-4</subfield>
    </datafield>
    <datafield ind1=" " ind2=" " tag="SWD">
      <subfield code="g">Heiliges R&#xF6;misches Reich deutscher Nation</subfield>
      <subfield code="9">(DE-588)4011882-4</subfield>
    </datafield>
    <datafield ind1=" " ind2=" " tag="SWD">
      <subfield code="g">Germany</subfield>
      <subfield code="h">Deutschland</subfield>
      <subfield code="9">(DE-588)4011882-4</subfield>
    </datafield>
    <datafield ind1=" " ind2=" " tag="SWD">
      <subfield code="s">Arbeitsplatz</subfield>
      <subfield code="x">Entwicklung</subfield>
      <subfield code="9">(DE-588)4135129-0</subfield>
    </datafield>
    <datafield ind1=" " ind2=" " tag="SWD">
      <subfield code="s">Arbeitsplatzentwicklung</subfield>
      <subfield code="9">(DE-588)4135129-0</subfield>
    </datafield>
    <datafield ind1=" " ind2=" " tag="SWD">
      <subfield code="s">Besch&#xE4;ftigtenentwicklung</subfield>
      <subfield code="9">(DE-588)4135129-0</subfield>
    </datafield>
    <datafield ind1=" " ind2=" " tag="SWD">
      <subfield code="s">Besch&#xE4;ftigung</subfield>
      <subfield code="x">Entwicklung</subfield>
      <subfield code="9">(DE-588)4135129-0</subfield>
    </datafield>
    <datafield ind1=" " ind2=" " tag="SWD">
      <subfield code="g">Deutsches Reich</subfield>
      <subfield code="9">(DE-588)4011882-4</subfield>
    </datafield>
    <datafield ind1=" " ind2=" " tag="SWD">
      <subfield code="g">Deutsche L&#xE4;nder</subfield>
      <subfield code="9">(DE-588)4011882-4</subfield>
    </datafield>
    <datafield ind1=" " ind2=" " tag="SWD">
      <subfield code="g">Sacrum Romanum Imperium</subfield>
      <subfield code="9">(DE-588)4011882-4</subfield>
    </datafield>
    <datafield ind1=" " ind2=" " tag="SWD">
      <subfield code="g">R&#xF6;misch-Deutsches Reich</subfield>
      <subfield code="9">(DE-588)4011882-4</subfield>
    </datafield>
    <datafield ind1=" " ind2=" " tag="SWD">
      <subfield code="g">Deutschland</subfield>
      <subfield code="h">Gebiet unter Alliierter Besatzung</subfield>
      <subfield code="9">(DE-588)4011882-4</subfield>
    </datafield>
    <datafield ind1=" " ind2=" " tag="SWD">
      <subfield code="g">Deutschland</subfield>
      <subfield code="h">Bundesrepublik, 1990-</subfield>
      <subfield code="9">(DE-588)4011882-4</subfield>
    </datafield>
    <datafield ind1=" " ind2=" " tag="SWD">
      <subfield code="g">BRD</subfield>
      <subfield code="h">1990-</subfield>
      <subfield code="9">(DE-588)4011882-4</subfield>
    </datafield>
    <datafield ind1=" " ind2=" " tag="SWD">
      <subfield code="g">Heiliges R&#xF6;misches Reich deutscher Nation</subfield>
      <subfield code="9">(DE-588)4011882-4</subfield>
    </datafield>
    <datafield ind1=" " ind2=" " tag="SWD">
      <subfield code="g">Germany</subfield>
      <subfield code="h">Deutschland</subfield>
      <subfield code="9">(DE-588)4011882-4</subfield>
    </datafield>
    <datafield ind1=" " ind2=" " tag="SWD">
      <subfield code="9">(DE-588)35878-2</subfield>
    </datafield>
    <datafield ind1=" " ind2=" " tag="SWD">
      <subfield code="g">&lt;&lt;Die&gt;&gt; im Reichsrat vertretenen K&#xF6;nigreiche und L&#xE4;nder</subfield>
      <subfield code="h">&#xD6;sterreich</subfield>
      <subfield code="9">(DE-588)4043271-3</subfield>
    </datafield>
    <datafield ind1=" " ind2=" " tag="SWD">
      <subfield code="g">Zisleithanien</subfield>
      <subfield code="9">(DE-588)4043271-3</subfield>
    </datafield>
    <datafield ind1=" " ind2=" " tag="SWD">
      <subfield code="g">Cisleithanien</subfield>
      <subfield code="9">(DE-588)4043271-3</subfield>
    </datafield>
    <datafield ind1=" " ind2=" " tag="SWD">
      <subfield code="g">Habsburgermonarchie</subfield>
      <subfield code="9">(DE-588)4043271-3</subfield>
    </datafield>
    <datafield ind1=" " ind2=" " tag="SWD">
      <subfield code="g">Habsburgerreich</subfield>
      <subfield code="9">(DE-588)4043271-3</subfield>
    </datafield>
    <datafield ind1=" " ind2=" " tag="SWD">
      <subfield code="g">Austria</subfield>
      <subfield code="9">(DE-588)4043271-3</subfield>
    </datafield>
    <datafield ind1=" " ind2=" " tag="SWD">
      <subfield code="g">Republik &#xD6;sterreich</subfield>
      <subfield code="9">(DE-588)4043271-3</subfield>
    </datafield>
    <datafield ind1=" " ind2=" " tag="SWD">
      <subfield code="g">&#xD6;sterreich</subfield>
      <subfield code="h">Zweite Republik</subfield>
      <subfield code="9">(DE-588)4043271-3</subfield>
    </datafield>
    <datafield ind1=" " ind2=" " tag="SWD">
      <subfield code="g">Bundesstaat &#xD6;sterreich</subfield>
      <subfield code="9">(DE-588)4043271-3</subfield>
    </datafield>
    <datafield ind1=" " ind2=" " tag="SWD">
      <subfield code="g">&#xD6;sterreich</subfield>
      <subfield code="h">Erste Republik</subfield>
      <subfield code="9">(DE-588)4043271-3</subfield>
    </datafield>
    <datafield ind1=" " ind2=" " tag="SWD">
      <subfield code="g">Deutsch&#xF6;sterreich</subfield>
      <subfield code="9">(DE-588)4043271-3</subfield>
    </datafield>
    <datafield ind1=" " ind2=" " tag="SWD">
      <subfield code="g">Staat Deutsch&#xF6;sterreich</subfield>
      <subfield code="9">(DE-588)4043271-3</subfield>
    </datafield>
    <datafield ind1=" " ind2=" " tag="SWD">
      <subfield code="g">Land &#xD6;sterreich</subfield>
      <subfield code="9">(DE-588)4043271-3</subfield>
    </datafield>
    <datafield ind1=" " ind2=" " tag="SWD">
      <subfield code="g">Kaisertum &#xD6;sterreich</subfield>
      <subfield code="9">(DE-588)4043271-3</subfield>
    </datafield>
    <datafield ind1=" " ind2=" " tag="SWD">
      <subfield code="g">Kaiserthum &#xD6;sterreich</subfield>
      <subfield code="9">(DE-588)4043271-3</subfield>
    </datafield>
    <datafield ind1=" " ind2=" " tag="SWD">
      <subfield code="g">&#xD6;sterreichische Monarchie</subfield>
      <subfield code="9">(DE-588)4043271-3</subfield>
    </datafield>
    <datafield ind1=" " ind2=" " tag="SWD">
      <subfield code="g">Ostmark</subfield>
      <subfield code="h">&#xD6;sterreich</subfield>
      <subfield code="9">(DE-588)4043271-3</subfield>
    </datafield>
    <datafield ind1=" " ind2=" " tag="SWD">
      <subfield code="g">Autriche</subfield>
      <subfield code="9">(DE-588)4043271-3</subfield>
    </datafield>
    <datafield ind1=" " ind2=" " tag="SWD">
      <subfield code="g">Austrya</subfield>
      <subfield code="9">(DE-588)4043271-3</subfield>
    </datafield>
    <datafield ind1=" " ind2=" " tag="SWD">
      <subfield code="g">Austrja</subfield>
      <subfield code="9">(DE-588)4043271-3</subfield>
    </datafield>
    <datafield ind1=" " ind2=" " tag="SWD">
      <subfield code="g">Ostmark</subfield>
      <subfield code="9">(DE-588)4043271-3</subfield>
    </datafield>
    <datafield ind1=" " ind2=" " tag="SWD">
      <subfield code="9">(DE-588)1085175685</subfield>
    </datafield>
    <datafield ind1=" " ind2=" " tag="SWD">
      <subfield code="9">(DE-588)1087268060</subfield>
    </datafield>
    <datafield ind1=" " ind2=" " tag="BKL">
      <subfield code="a">Dienstleistungen: Allgemeines</subfield>
    </datafield>
    <datafield ind1=" " ind2=" " tag="BKL">
      <subfield code="a">economic sectors: services: general</subfield>
    </datafield>
    <datafield ind1=" " ind2=" " tag="KOR">
      <subfield code="k">Kammer f&#xFC;r Arbeiter und Angestellte Wien</subfield>
      <subfield code="9">(DE-588)2015235-8</subfield>
    </datafield>
    <datafield ind1=" " ind2=" " tag="KOR">
      <subfield code="k">Kammer f&#xFC;r Arbeiter und Angestellte f&#xFC;r Wien</subfield>
      <subfield code="b">Pressestelle</subfield>
      <subfield code="9">(DE-588)2015235-8</subfield>
    </datafield>
    <datafield ind1=" " ind2=" " tag="KOR">
      <subfield code="k">Arbeiterkammer Wien</subfield>
      <subfield code="9">(DE-588)2015235-8</subfield>
    </datafield>
    <datafield ind1=" " ind2=" " tag="KOR">
      <subfield code="k">Kammer f&#xFC;r Arbeiter und Angestellte in Wien</subfield>
      <subfield code="9">(DE-588)2015235-8</subfield>
    </datafield>
    <datafield ind1=" " ind2=" " tag="KOR">
      <subfield code="k">Arbeiterkammer in Wien</subfield>
      <subfield code="9">(DE-588)2015235-8</subfield>
    </datafield>
    <datafield ind1=" " ind2=" " tag="KOR">
      <subfield code="9">(DE-588)4073178-9</subfield>
    </datafield>
    <datafield ind1=" " ind2=" " tag="KOR">
      <subfield code="k">Kammer f&#xFC;r Arbeiter und Angestellte</subfield>
      <subfield code="h">Wien</subfield>
      <subfield code="9">(DE-588)2015235-8</subfield>
    </datafield>
    <datafield ind1=" " ind2=" " tag="KOR">
      <subfield code="k">Wiener Kammer f&#xFC;r Arbeiter und Angestellte</subfield>
      <subfield code="9">(DE-588)2015235-8</subfield>
    </datafield>
    <datafield ind1=" " ind2=" " tag="KOR">
      <subfield code="k">Wiener Arbeiterkammer</subfield>
      <subfield code="9">(DE-588)2015235-8</subfield>
    </datafield>
    <datafield ind1=" " ind2=" " tag="KOR">
      <subfield code="k">Palata Truda</subfield>
      <subfield code="h">Wien</subfield>
      <subfield code="9">(DE-588)2015235-8</subfield>
    </datafield>
    <datafield ind1=" " ind2=" " tag="KOR">
      <subfield code="k">Chambers of Labour</subfield>
      <subfield code="9">(DE-588)2015235-8</subfield>
    </datafield>
    <datafield ind1=" " ind2=" " tag="KOR">
      <subfield code="k">Chambres du Travail</subfield>
      <subfield code="9">(DE-588)2015235-8</subfield>
    </datafield>
    <datafield ind1=" " ind2=" " tag="KOR">
      <subfield code="k">AK</subfield>
      <subfield code="9">(DE-588)2015235-8</subfield>
    </datafield>
    <datafield ind1=" " ind2=" " tag="KOR">
      <subfield code="k">AK Wien</subfield>
      <subfield code="9">(DE-588)2015235-8</subfield>
    </datafield>
    <datafield ind1=" " ind2=" " tag="AVA">
      <subfield code="a">AKW50</subfield>
      <subfield code="b">XAW1</subfield>
      <subfield code="c">Hauptmagazin</subfield>
      <subfield code="d">B106877</subfield>
      <subfield code="e">available</subfield>
      <subfield code="t">Verf&#xFC;gbar</subfield>
      <subfield code="f">2</subfield>
      <subfield code="g">0</subfield>
      <subfield code="h">N</subfield>
      <subfield code="i">1</subfield>
      <subfield code="j">MAG1</subfield>
    </datafield>
    <datafield ind1="-" ind2="1" tag="Z30">
      <subfield code="1">XAW1</subfield>
      <subfield code="2">MAG1</subfield>
      <subfield code="3">B106877</subfield>
    </datafield>
    <datafield ind1="-" ind2="1" tag="Z30">
      <subfield code="1">XAW1</subfield>
      <subfield code="2">MAG1</subfield>
      <subfield code="3">B106877</subfield>
    </datafield>
  </record>