
  <record>
    <leader>00598pM2.01200024------h</leader>
    <controlfield tag="LDR">00598pM2.01200024------h</controlfield>
    <controlfield tag="FMT">MH</controlfield>
    <datafield ind1="-" ind2="1" tag="001">
      <subfield code="a">AC02992905</subfield>
    </datafield>
    <controlfield tag="030">a|1dcz|z|||17</controlfield>
    <datafield ind1="a" ind2="1" tag="036">
      <subfield code="a">DE</subfield>
    </datafield>
    <datafield ind1="b" ind2="1" tag="037">
      <subfield code="a">ger</subfield>
    </datafield>
    <controlfield tag="050">a|b|||||||||||</controlfield>
    <controlfield tag="051">s|||z||</controlfield>
    <datafield ind1="a" ind2="1" tag="070">
      <subfield code="a">292</subfield>
    </datafield>
    <datafield ind1="s" ind2="1" tag="076">
      <subfield code="a">11</subfield>
    </datafield>
    <datafield ind1="-" ind2="1" tag="100">
      <subfield code="p">Petzold, Matthias</subfield>
      <subfield code="d">1951-</subfield>
      <subfield code="9">(DE-588)115574700</subfield>
    </datafield>
    <datafield ind1="-" ind2="1" tag="331">
      <subfield code="a">&lt;&lt;Die&gt;&gt; Multimedia-Familie</subfield>
    </datafield>
    <datafield ind1="-" ind2="1" tag="335">
      <subfield code="a">Mediennutzung, Computerspiele, Telearbeit, Pers&#xF6;nlichkeitsprobleme und Kindermitwirkung in Medien</subfield>
    </datafield>
    <datafield ind1="-" ind2="1" tag="359">
      <subfield code="a">Matthias Petzold</subfield>
    </datafield>
    <datafield ind1="-" ind2="1" tag="410">
      <subfield code="a">Opladen</subfield>
    </datafield>
    <datafield ind1="-" ind2="1" tag="412">
      <subfield code="a">Leske + Budrich</subfield>
    </datafield>
    <datafield ind1="a" ind2="1" tag="425">
      <subfield code="a">2000</subfield>
    </datafield>
    <datafield ind1="-" ind2="1" tag="433">
      <subfield code="a">125 S.</subfield>
    </datafield>
    <datafield ind1="-" ind2="1" tag="434">
      <subfield code="a">graph. Darst.</subfield>
    </datafield>
    <datafield ind1="-" ind2="1" tag="435">
      <subfield code="a">21 cm</subfield>
    </datafield>
    <datafield ind1="-" ind2="1" tag="451">
      <subfield code="a">Virtuelle Welten ; 2</subfield>
    </datafield>
    <datafield ind1="r" ind2="1" tag="453">
      <subfield code="a">AC02656733</subfield>
    </datafield>
    <datafield ind1="-" ind2="1" tag="517">
      <subfield code="a">Literaturverz. S. [121] - 125</subfield>
    </datafield>
    <datafield ind1="-" ind2="1" tag="540">
      <subfield code="a">3-8100-2643-3</subfield>
    </datafield>
    <datafield ind1="f" ind2="1" tag="700">
      <subfield code="a">71.35</subfield>
      <subfield code="b">Kindersoziologie, Jugendsoziologie</subfield>
      <subfield code="z">Automatisch aus GBV_2011-10 2012-06-03</subfield>
    </datafield>
    <datafield ind1="f" ind2="1" tag="700">
      <subfield code="a">80.49</subfield>
      <subfield code="b">Medienerziehung</subfield>
      <subfield code="z">Automatisch aus GBV_2011-10 2012-06-03</subfield>
    </datafield>
    <datafield ind1="f" ind2="1" tag="700">
      <subfield code="a">05.38</subfield>
      <subfield code="b">Neue elektronische Medien &lt;Kommunikationswissenschaft&gt;</subfield>
      <subfield code="z">Automatisch aus GBV_2011-10 2012-06-03</subfield>
    </datafield>
    <datafield ind1="f" ind2="1" tag="700">
      <subfield code="a">54.87</subfield>
      <subfield code="b">Multimedia</subfield>
      <subfield code="z">Automatisch aus GBV_2011-10 2012-06-03</subfield>
    </datafield>
    <datafield ind1="f" ind2="1" tag="700">
      <subfield code="a">54.08</subfield>
      <subfield code="b">Informatik in Beziehung zu Mensch und Gesellschaft</subfield>
      <subfield code="z">Automatisch aus GBV_2011-10 2012-06-03</subfield>
    </datafield>
    <datafield ind1="g" ind2="1" tag="700">
      <subfield code="a">MS 2050</subfield>
      <subfield code="O">Automatisch aus BVB_2013-06 2013-05-02</subfield>
    </datafield>
    <datafield ind1="g" ind2="1" tag="700">
      <subfield code="a">DW 4000</subfield>
      <subfield code="O">Automatisch aus BVB_2013-06 2013-05-02</subfield>
    </datafield>
    <datafield ind1="g" ind2="1" tag="700">
      <subfield code="a">DW 4400</subfield>
      <subfield code="O">Automatisch aus BVB_2013-06 2013-05-02</subfield>
    </datafield>
    <datafield ind1="g" ind2="1" tag="700">
      <subfield code="a">MS 7980</subfield>
      <subfield code="O">Automatisch aus BVB_2013-06 2013-05-02</subfield>
    </datafield>
    <datafield ind1="b" ind2="1" tag="710">
      <subfield code="a">Bundesrepublik Deutschland</subfield>
    </datafield>
    <datafield ind1="a" ind2="1" tag="710">
      <subfield code="a">Massenmedien</subfield>
    </datafield>
    <datafield ind1="a" ind2="1" tag="710">
      <subfield code="a">Telekommunikation</subfield>
    </datafield>
    <datafield ind1="a" ind2="1" tag="710">
      <subfield code="a">Bildschirmarbeit</subfield>
    </datafield>
    <datafield ind1="a" ind2="1" tag="710">
      <subfield code="a">PC</subfield>
    </datafield>
    <datafield ind1="a" ind2="1" tag="710">
      <subfield code="a">Spiele</subfield>
    </datafield>
    <datafield ind1="a" ind2="1" tag="710">
      <subfield code="a">Familienleben</subfield>
    </datafield>
    <datafield ind1="a" ind2="1" tag="710">
      <subfield code="a">Alltagsgeschichte</subfield>
    </datafield>
    <datafield ind1="a" ind2="1" tag="710">
      <subfield code="a">Psychologie</subfield>
    </datafield>
    <datafield ind1="a" ind2="1" tag="710">
      <subfield code="a">P&#xE4;dagogik</subfield>
    </datafield>
    <datafield ind1="f" ind2="1" tag="710">
      <subfield code="a">Forschungsberichte</subfield>
    </datafield>
    <datafield ind1="-" ind2="1" tag="SG1">
      <subfield code="a">240</subfield>
    </datafield>
    <datafield ind1="-" ind2="1" tag="SG1">
      <subfield code="a">300</subfield>
    </datafield>
    <datafield ind1="-" ind2="1" tag="SG1">
      <subfield code="a">330</subfield>
    </datafield>
    <datafield ind1="-" ind2="1" tag="902">
      <subfield code="s">Familie</subfield>
      <subfield code="9">(DE-588)4016397-0</subfield>
    </datafield>
    <datafield ind1="-" ind2="1" tag="902">
      <subfield code="s">Elektronische Medien</subfield>
      <subfield code="9">(DE-588)4151918-8</subfield>
    </datafield>
    <datafield ind1="-" ind2="1" tag="902">
      <subfield code="s">Medienkonsum</subfield>
      <subfield code="9">(DE-588)4120719-1</subfield>
    </datafield>
    <datafield ind1="-" ind2="1" tag="907">
      <subfield code="s">Computerspiel</subfield>
      <subfield code="9">(DE-588)4010457-6</subfield>
    </datafield>
    <datafield ind1="-" ind2="1" tag="907">
      <subfield code="s">Kind</subfield>
      <subfield code="9">(DE-588)4030550-8</subfield>
    </datafield>
    <datafield ind1="-" ind2="1" tag="912">
      <subfield code="s">Computerspiel</subfield>
      <subfield code="9">(DE-588)4010457-6</subfield>
    </datafield>
    <datafield ind1="-" ind2="1" tag="912">
      <subfield code="s">Jugend</subfield>
      <subfield code="9">(DE-588)4028859-6</subfield>
    </datafield>
    <controlfield tag="SYS">000265388</controlfield>
    <datafield ind1=" " ind2=" " tag="BKL">
      <subfield code="a">Kindersoziologie</subfield>
    </datafield>
    <datafield ind1=" " ind2=" " tag="BKL">
      <subfield code="a">Jugendsoziologie</subfield>
    </datafield>
    <datafield ind1=" " ind2=" " tag="BKL">
      <subfield code="a">sociology: social groups: age groups: children, youth</subfield>
    </datafield>
    <datafield ind1=" " ind2=" " tag="BKL">
      <subfield code="a">sociology: social groups: age groups: children</subfield>
    </datafield>
    <datafield ind1=" " ind2=" " tag="BKL">
      <subfield code="a">sociology: social groups: age groups: youth</subfield>
    </datafield>
    <datafield ind1=" " ind2=" " tag="BKL">
      <subfield code="a">children &lt;sociology: social groups: age groups&gt;</subfield>
    </datafield>
    <datafield ind1=" " ind2=" " tag="BKL">
      <subfield code="a">youth &lt;sociology: social groups: age groups&gt;</subfield>
    </datafield>
    <datafield ind1=" " ind2=" " tag="BKL">
      <subfield code="a">Informatik in Beziehung zu Mensch und Gesellschaft</subfield>
    </datafield>
    <datafield ind1=" " ind2=" " tag="BKL">
      <subfield code="a">computer science in relation to man and society</subfield>
    </datafield>
    <datafield ind1=" " ind2=" " tag="BKL">
      <subfield code="a">Medienerziehung</subfield>
    </datafield>
    <datafield ind1=" " ind2=" " tag="BKL">
      <subfield code="a">pedagogy: types of education: media education</subfield>
    </datafield>
    <datafield ind1=" " ind2=" " tag="BKL">
      <subfield code="a">media education &lt;pedagogy: types of education&gt;</subfield>
    </datafield>
    <datafield ind1=" " ind2=" " tag="BKL">
      <subfield code="a">Medienp&#xE4;dagogik</subfield>
    </datafield>
    <datafield ind1=" " ind2=" " tag="SWD">
      <subfield code="s">Jugend</subfield>
      <subfield code="h">12-20 Jahre</subfield>
      <subfield code="9">(DE-588)4028859-6</subfield>
    </datafield>
    <datafield ind1=" " ind2=" " tag="SWD">
      <subfield code="s">Jugendalter</subfield>
      <subfield code="9">(DE-588)4028859-6</subfield>
    </datafield>
    <datafield ind1=" " ind2=" " tag="SWD">
      <subfield code="s">Jugendlicher</subfield>
      <subfield code="9">(DE-588)4028859-6</subfield>
    </datafield>
    <datafield ind1=" " ind2=" " tag="SWD">
      <subfield code="s">Teenager</subfield>
      <subfield code="9">(DE-588)4028859-6</subfield>
    </datafield>
    <datafield ind1=" " ind2=" " tag="SWD">
      <subfield code="s">Kindheit</subfield>
      <subfield code="9">(DE-588)4030550-8</subfield>
    </datafield>
    <datafield ind1=" " ind2=" " tag="SWD">
      <subfield code="s">Kindesalter</subfield>
      <subfield code="9">(DE-588)4030550-8</subfield>
    </datafield>
    <datafield ind1=" " ind2=" " tag="SWD">
      <subfield code="s">Kindschaft</subfield>
      <subfield code="9">(DE-588)4030550-8</subfield>
    </datafield>
    <datafield ind1=" " ind2=" " tag="SWD">
      <subfield code="s">Kinder</subfield>
      <subfield code="9">(DE-588)4030550-8</subfield>
    </datafield>
    <datafield ind1=" " ind2=" " tag="SWD">
      <subfield code="s">Child</subfield>
      <subfield code="9">(DE-588)4030550-8</subfield>
    </datafield>
    <datafield ind1=" " ind2=" " tag="SWD">
      <subfield code="s">Children</subfield>
      <subfield code="9">(DE-588)4030550-8</subfield>
    </datafield>
    <datafield ind1=" " ind2=" " tag="SWD">
      <subfield code="s">Childhood</subfield>
      <subfield code="9">(DE-588)4030550-8</subfield>
    </datafield>
    <datafield ind1=" " ind2=" " tag="SWD">
      <subfield code="s">Familien</subfield>
      <subfield code="9">(DE-588)4016397-0</subfield>
    </datafield>
    <datafield ind1=" " ind2=" " tag="SWD">
      <subfield code="s">Familien</subfield>
      <subfield code="9">(DE-588)4016397-0</subfield>
    </datafield>
    <datafield ind1=" " ind2=" " tag="BKL">
      <subfield code="a">Neue elektronische Medien</subfield>
    </datafield>
    <datafield ind1=" " ind2=" " tag="BKL">
      <subfield code="a">mass communication: new electronic media</subfield>
    </datafield>
    <datafield ind1=" " ind2=" " tag="BKL">
      <subfield code="a">new electronic media &lt;mass communication&gt;</subfield>
    </datafield>
    <datafield ind1=" " ind2=" " tag="SWD">
      <subfield code="s">Kindheit</subfield>
      <subfield code="9">(DE-588)4030550-8</subfield>
    </datafield>
    <datafield ind1=" " ind2=" " tag="SWD">
      <subfield code="s">Kindesalter</subfield>
      <subfield code="9">(DE-588)4030550-8</subfield>
    </datafield>
    <datafield ind1=" " ind2=" " tag="SWD">
      <subfield code="s">Kindschaft</subfield>
      <subfield code="9">(DE-588)4030550-8</subfield>
    </datafield>
    <datafield ind1=" " ind2=" " tag="SWD">
      <subfield code="s">Kinder</subfield>
      <subfield code="9">(DE-588)4030550-8</subfield>
    </datafield>
    <datafield ind1=" " ind2=" " tag="SWD">
      <subfield code="s">Child</subfield>
      <subfield code="9">(DE-588)4030550-8</subfield>
    </datafield>
    <datafield ind1=" " ind2=" " tag="SWD">
      <subfield code="s">Children</subfield>
      <subfield code="9">(DE-588)4030550-8</subfield>
    </datafield>
    <datafield ind1=" " ind2=" " tag="SWD">
      <subfield code="s">Childhood</subfield>
      <subfield code="9">(DE-588)4030550-8</subfield>
    </datafield>
    <datafield ind1=" " ind2=" " tag="SWD">
      <subfield code="s">Jugend</subfield>
      <subfield code="h">12-20 Jahre</subfield>
      <subfield code="9">(DE-588)4028859-6</subfield>
    </datafield>
    <datafield ind1=" " ind2=" " tag="SWD">
      <subfield code="s">Jugendalter</subfield>
      <subfield code="9">(DE-588)4028859-6</subfield>
    </datafield>
    <datafield ind1=" " ind2=" " tag="SWD">
      <subfield code="s">Jugendlicher</subfield>
      <subfield code="9">(DE-588)4028859-6</subfield>
    </datafield>
    <datafield ind1=" " ind2=" " tag="SWD">
      <subfield code="s">Teenager</subfield>
      <subfield code="9">(DE-588)4028859-6</subfield>
    </datafield>
    <datafield ind1=" " ind2=" " tag="SWD">
      <subfield code="s">Medien</subfield>
      <subfield code="x">Konsum</subfield>
      <subfield code="9">(DE-588)4120719-1</subfield>
    </datafield>
    <datafield ind1=" " ind2=" " tag="SWD">
      <subfield code="s">Medien</subfield>
      <subfield code="x">Nutzung</subfield>
      <subfield code="9">(DE-588)4120719-1</subfield>
    </datafield>
    <datafield ind1=" " ind2=" " tag="SWD">
      <subfield code="s">Mediennutzung</subfield>
      <subfield code="9">(DE-588)4120719-1</subfield>
    </datafield>
    <datafield ind1=" " ind2=" " tag="SWD">
      <subfield code="s">Medien</subfield>
      <subfield code="x">Konsum</subfield>
      <subfield code="9">(DE-588)4120719-1</subfield>
    </datafield>
    <datafield ind1=" " ind2=" " tag="SWD">
      <subfield code="s">Medien</subfield>
      <subfield code="x">Nutzung</subfield>
      <subfield code="9">(DE-588)4120719-1</subfield>
    </datafield>
    <datafield ind1=" " ind2=" " tag="SWD">
      <subfield code="s">Mediennutzung</subfield>
      <subfield code="9">(DE-588)4120719-1</subfield>
    </datafield>
    <datafield ind1=" " ind2=" " tag="BKL">
      <subfield code="a">Multimedia</subfield>
    </datafield>
    <datafield ind1=" " ind2=" " tag="BKL">
      <subfield code="a">computer science: applied computing: multimedia</subfield>
    </datafield>
    <datafield ind1=" " ind2=" " tag="BKL">
      <subfield code="a">multimedia &lt;computer science: applied computing&gt;</subfield>
    </datafield>
    <datafield ind1=" " ind2=" " tag="BKL">
      <subfield code="a">Hypermedia</subfield>
    </datafield>
    <datafield ind1=" " ind2=" " tag="SWD">
      <subfield code="s">Digitales Spiel</subfield>
      <subfield code="9">(DE-588)4010457-6</subfield>
    </datafield>
    <datafield ind1=" " ind2=" " tag="SWD">
      <subfield code="s">Computerspiele</subfield>
      <subfield code="9">(DE-588)4010457-6</subfield>
    </datafield>
    <datafield ind1=" " ind2=" " tag="SWD">
      <subfield code="s">Bildschirmspiel</subfield>
      <subfield code="h">im weiteren Sinn</subfield>
      <subfield code="9">(DE-588)4010457-6</subfield>
    </datafield>
    <datafield ind1=" " ind2=" " tag="SWD">
      <subfield code="s">Digitales Spiel</subfield>
      <subfield code="9">(DE-588)4010457-6</subfield>
    </datafield>
    <datafield ind1=" " ind2=" " tag="SWD">
      <subfield code="s">Computerspiele</subfield>
      <subfield code="9">(DE-588)4010457-6</subfield>
    </datafield>
    <datafield ind1=" " ind2=" " tag="SWD">
      <subfield code="s">Bildschirmspiel</subfield>
      <subfield code="h">im weiteren Sinn</subfield>
      <subfield code="9">(DE-588)4010457-6</subfield>
    </datafield>
    <datafield ind1=" " ind2=" " tag="PER">
      <subfield code="9">(DE-588)172306426</subfield>
    </datafield>
    <datafield ind1=" " ind2=" " tag="PER">
      <subfield code="9">(DE-588)172306426</subfield>
    </datafield>
    <datafield ind1=" " ind2=" " tag="AVA">
      <subfield code="a">AKW50</subfield>
      <subfield code="b">XAW1</subfield>
      <subfield code="c">Magazin 1</subfield>
      <subfield code="d">B111148</subfield>
      <subfield code="e">available</subfield>
      <subfield code="t">Verf&#xFC;gbar</subfield>
      <subfield code="f">1</subfield>
      <subfield code="g">0</subfield>
      <subfield code="h">N</subfield>
      <subfield code="i">2</subfield>
      <subfield code="j">MAG1</subfield>
    </datafield>
    <datafield ind1="-" ind2="1" tag="Z30">
      <subfield code="1">XAW1</subfield>
      <subfield code="2">MAG1</subfield>
      <subfield code="3">B111148</subfield>
    </datafield>
  </record>