
  <record>
    <leader>01135nM2.01000024------h</leader>
    <controlfield tag="LDR">01135nM2.01000024------h</controlfield>
    <controlfield tag="FMT">MH</controlfield>
    <datafield ind1="-" ind2="1" tag="001">
      <subfield code="a">AC03237551</subfield>
    </datafield>
    <controlfield tag="030">z|1dcr|||||37</controlfield>
    <datafield ind1="a" ind2="1" tag="036">
      <subfield code="a">AT</subfield>
    </datafield>
    <datafield ind1="b" ind2="1" tag="037">
      <subfield code="a">ger</subfield>
    </datafield>
    <controlfield tag="050">a|a|||||||||||</controlfield>
    <controlfield tag="051">sk|||||</controlfield>
    <datafield ind1="s" ind2="1" tag="076">
      <subfield code="a">10</subfield>
    </datafield>
    <datafield ind1="b" ind2="1" tag="100">
      <subfield code="a">Chaloupek, G&#xFC;nther</subfield>
      <subfield code="b">[Hrsg.]</subfield>
    </datafield>
    <datafield ind1="b" ind2="1" tag="200">
      <subfield code="k">Kammer f&#xFC;r Arbeiter und Angestellte f&#xFC;r Wien</subfield>
      <subfield code="9">(DE-588)2015235-8</subfield>
    </datafield>
    <datafield ind1="-" ind2="1" tag="331">
      <subfield code="a">Kapitalismus im 21. Jahrhundert</subfield>
    </datafield>
    <datafield ind1="-" ind2="1" tag="335">
      <subfield code="a">ein Survey &#xFC;ber aktuelle Literatur ; Tagung der Kammer f&#xFC;r Arbeiter und Angestellte f&#xFC;r Wien</subfield>
    </datafield>
    <datafield ind1="-" ind2="1" tag="359">
      <subfield code="a">AK Wien. G&#xFC;nther Chaloupek ... (Hrsg.)</subfield>
    </datafield>
    <datafield ind1="-" ind2="1" tag="410">
      <subfield code="a">Wien</subfield>
    </datafield>
    <datafield ind1="-" ind2="1" tag="412">
      <subfield code="a">Orac</subfield>
    </datafield>
    <datafield ind1="a" ind2="1" tag="425">
      <subfield code="a">2001</subfield>
    </datafield>
    <datafield ind1="-" ind2="1" tag="433">
      <subfield code="a">88 S.</subfield>
    </datafield>
    <datafield ind1="-" ind2="1" tag="435">
      <subfield code="a">24 cm</subfield>
    </datafield>
    <datafield ind1="-" ind2="1" tag="451">
      <subfield code="a">Reihe Wirtschaftswissenschaftliche Tagungen der Arbeiterkammer Wien ; 5</subfield>
    </datafield>
    <datafield ind1="r" ind2="1" tag="453">
      <subfield code="a">AC00766881</subfield>
    </datafield>
    <datafield ind1="-" ind2="1" tag="517">
      <subfield code="a">Literaturangaben</subfield>
    </datafield>
    <datafield ind1="a" ind2="1" tag="540">
      <subfield code="a">3-7007-2079-3</subfield>
      <subfield code="b">kart. : 198,- ; Euro 14,39</subfield>
    </datafield>
    <datafield ind1="-" ind2="1" tag="580">
      <subfield code="a">OeB2001,A,23 05,01,07</subfield>
    </datafield>
    <datafield ind1="e" ind2="1" tag="655">
      <subfield code="m">V:AT-OBV;B:AT-OeNB</subfield>
      <subfield code="q">application/pdf</subfield>
      <subfield code="u">http://media.obvsg.at/AC03237551-1001</subfield>
      <subfield code="x">ONB-IV</subfield>
      <subfield code="3">Inhaltsverzeichnis</subfield>
      <subfield code="A">2</subfield>
    </datafield>
    <datafield ind1="f" ind2="1" tag="700">
      <subfield code="a">01.11</subfield>
      <subfield code="b">Allgemeinbibliographien, Universalbibliographien</subfield>
      <subfield code="O">Automatisch generiert aus Konkordanz RVK-BK-Wirtschaftswissenschaften</subfield>
    </datafield>
    <datafield ind1="f" ind2="1" tag="700">
      <subfield code="a">54.64</subfield>
      <subfield code="b">Datenbanken</subfield>
      <subfield code="O">Automatisch generiert aus Konkordanz RVK-BK-Wirtschaftswissenschaften</subfield>
    </datafield>
    <datafield ind1="g" ind2="1" tag="700">
      <subfield code="a">QB 800</subfield>
      <subfield code="O">Automatisch aus BVB_2013-06 2013-05-06</subfield>
    </datafield>
    <datafield ind1="-" ind2="1" tag="710">
      <subfield code="a">Kapitalismus - Weltwirtschaft - Wirtschaftswissenschaften</subfield>
    </datafield>
    <datafield ind1="-" ind2="1" tag="SG1">
      <subfield code="a">600</subfield>
    </datafield>
    <datafield ind1="-" ind2="1" tag="902">
      <subfield code="s">Globalisierung</subfield>
      <subfield code="9">(DE-588)4557997-0</subfield>
    </datafield>
    <datafield ind1="-" ind2="1" tag="902">
      <subfield code="s">Kapitalismus</subfield>
      <subfield code="9">(DE-588)4029577-1</subfield>
    </datafield>
    <datafield ind1="-" ind2="1" tag="902">
      <subfield code="s">Wirtschaftstheorie</subfield>
      <subfield code="9">(DE-588)4079351-5</subfield>
    </datafield>
    <datafield ind1="-" ind2="1" tag="902">
      <subfield code="s">Wissenschaftliche Literatur</subfield>
      <subfield code="9">(DE-588)4066586-0</subfield>
    </datafield>
    <datafield ind1="-" ind2="1" tag="902">
      <subfield code="f">Kongress</subfield>
    </datafield>
    <datafield ind1="-" ind2="1" tag="902">
      <subfield code="g">Wien &lt;2000&gt;</subfield>
    </datafield>
    <controlfield tag="SYS">000273994</controlfield>
    <datafield ind1=" " ind2=" " tag="KOR">
      <subfield code="k">Kammer f&#xFC;r Arbeiter und Angestellte Wien</subfield>
      <subfield code="9">(DE-588)2015235-8</subfield>
    </datafield>
    <datafield ind1=" " ind2=" " tag="KOR">
      <subfield code="k">Kammer f&#xFC;r Arbeiter und Angestellte f&#xFC;r Wien</subfield>
      <subfield code="b">Pressestelle</subfield>
      <subfield code="9">(DE-588)2015235-8</subfield>
    </datafield>
    <datafield ind1=" " ind2=" " tag="KOR">
      <subfield code="k">Arbeiterkammer Wien</subfield>
      <subfield code="9">(DE-588)2015235-8</subfield>
    </datafield>
    <datafield ind1=" " ind2=" " tag="KOR">
      <subfield code="k">Kammer f&#xFC;r Arbeiter und Angestellte in Wien</subfield>
      <subfield code="9">(DE-588)2015235-8</subfield>
    </datafield>
    <datafield ind1=" " ind2=" " tag="KOR">
      <subfield code="k">Arbeiterkammer in Wien</subfield>
      <subfield code="9">(DE-588)2015235-8</subfield>
    </datafield>
    <datafield ind1=" " ind2=" " tag="KOR">
      <subfield code="9">(DE-588)4073178-9</subfield>
    </datafield>
    <datafield ind1=" " ind2=" " tag="KOR">
      <subfield code="k">Kammer f&#xFC;r Arbeiter und Angestellte</subfield>
      <subfield code="h">Wien</subfield>
      <subfield code="9">(DE-588)2015235-8</subfield>
    </datafield>
    <datafield ind1=" " ind2=" " tag="KOR">
      <subfield code="k">Wiener Kammer f&#xFC;r Arbeiter und Angestellte</subfield>
      <subfield code="9">(DE-588)2015235-8</subfield>
    </datafield>
    <datafield ind1=" " ind2=" " tag="KOR">
      <subfield code="k">Wiener Arbeiterkammer</subfield>
      <subfield code="9">(DE-588)2015235-8</subfield>
    </datafield>
    <datafield ind1=" " ind2=" " tag="KOR">
      <subfield code="k">Palata Truda</subfield>
      <subfield code="h">Wien</subfield>
      <subfield code="9">(DE-588)2015235-8</subfield>
    </datafield>
    <datafield ind1=" " ind2=" " tag="KOR">
      <subfield code="k">Chambers of Labour</subfield>
      <subfield code="9">(DE-588)2015235-8</subfield>
    </datafield>
    <datafield ind1=" " ind2=" " tag="KOR">
      <subfield code="k">Chambres du Travail</subfield>
      <subfield code="9">(DE-588)2015235-8</subfield>
    </datafield>
    <datafield ind1=" " ind2=" " tag="KOR">
      <subfield code="k">AK</subfield>
      <subfield code="9">(DE-588)2015235-8</subfield>
    </datafield>
    <datafield ind1=" " ind2=" " tag="KOR">
      <subfield code="k">AK Wien</subfield>
      <subfield code="9">(DE-588)2015235-8</subfield>
    </datafield>
    <datafield ind1=" " ind2=" " tag="SWD">
      <subfield code="s">&#xD6;konomische Theorie</subfield>
      <subfield code="9">(DE-588)4079351-5</subfield>
    </datafield>
    <datafield ind1=" " ind2=" " tag="SWD">
      <subfield code="s">Volkswirtschaftstheorie</subfield>
      <subfield code="9">(DE-588)4079351-5</subfield>
    </datafield>
    <datafield ind1=" " ind2=" " tag="SWD">
      <subfield code="s">Sozial&#xF6;konomie</subfield>
      <subfield code="9">(DE-588)4079351-5</subfield>
    </datafield>
    <datafield ind1=" " ind2=" " tag="SWD">
      <subfield code="s">Sozial&#xF6;konomik</subfield>
      <subfield code="9">(DE-588)4079351-5</subfield>
    </datafield>
    <datafield ind1=" " ind2=" " tag="SWD">
      <subfield code="s">Sozio&#xF6;konomie</subfield>
      <subfield code="9">(DE-588)4079351-5</subfield>
    </datafield>
    <datafield ind1=" " ind2=" " tag="SWD">
      <subfield code="s">&#xD6;konomische Theorie</subfield>
      <subfield code="9">(DE-588)4079351-5</subfield>
    </datafield>
    <datafield ind1=" " ind2=" " tag="SWD">
      <subfield code="s">Volkswirtschaftstheorie</subfield>
      <subfield code="9">(DE-588)4079351-5</subfield>
    </datafield>
    <datafield ind1=" " ind2=" " tag="SWD">
      <subfield code="s">Sozial&#xF6;konomie</subfield>
      <subfield code="9">(DE-588)4079351-5</subfield>
    </datafield>
    <datafield ind1=" " ind2=" " tag="SWD">
      <subfield code="s">Sozial&#xF6;konomik</subfield>
      <subfield code="9">(DE-588)4079351-5</subfield>
    </datafield>
    <datafield ind1=" " ind2=" " tag="SWD">
      <subfield code="s">Sozio&#xF6;konomie</subfield>
      <subfield code="9">(DE-588)4079351-5</subfield>
    </datafield>
    <datafield ind1=" " ind2=" " tag="SWD">
      <subfield code="s">Kapitalistische Gesellschaft</subfield>
      <subfield code="9">(DE-588)4029577-1</subfield>
    </datafield>
    <datafield ind1=" " ind2=" " tag="SWD">
      <subfield code="s">Kapitalistische Wirtschaft</subfield>
      <subfield code="9">(DE-588)4029577-1</subfield>
    </datafield>
    <datafield ind1=" " ind2=" " tag="SWD">
      <subfield code="s">Kapitalistisches Gesellschaftssystem</subfield>
      <subfield code="9">(DE-588)4029577-1</subfield>
    </datafield>
    <datafield ind1=" " ind2=" " tag="SWD">
      <subfield code="s">Kapitalistisches Wirtschaftssystem</subfield>
      <subfield code="9">(DE-588)4029577-1</subfield>
    </datafield>
    <datafield ind1=" " ind2=" " tag="SWD">
      <subfield code="s">Weltwirtschaft</subfield>
      <subfield code="x">Internationalisierung</subfield>
      <subfield code="9">(DE-588)4557997-0</subfield>
    </datafield>
    <datafield ind1=" " ind2=" " tag="SWD">
      <subfield code="s">Weltgesellschaft</subfield>
      <subfield code="x">Internationalisierung</subfield>
      <subfield code="9">(DE-588)4557997-0</subfield>
    </datafield>
    <datafield ind1=" " ind2=" " tag="SWD">
      <subfield code="s">Globalisation</subfield>
      <subfield code="9">(DE-588)4557997-0</subfield>
    </datafield>
    <datafield ind1=" " ind2=" " tag="SWD">
      <subfield code="s">Globalization</subfield>
      <subfield code="9">(DE-588)4557997-0</subfield>
    </datafield>
    <datafield ind1=" " ind2=" " tag="SWD">
      <subfield code="s">Weltwirtschaft</subfield>
      <subfield code="x">Internationalisierung</subfield>
      <subfield code="9">(DE-588)4557997-0</subfield>
    </datafield>
    <datafield ind1=" " ind2=" " tag="SWD">
      <subfield code="s">Weltgesellschaft</subfield>
      <subfield code="x">Internationalisierung</subfield>
      <subfield code="9">(DE-588)4557997-0</subfield>
    </datafield>
    <datafield ind1=" " ind2=" " tag="SWD">
      <subfield code="s">Globalisation</subfield>
      <subfield code="9">(DE-588)4557997-0</subfield>
    </datafield>
    <datafield ind1=" " ind2=" " tag="SWD">
      <subfield code="s">Globalization</subfield>
      <subfield code="9">(DE-588)4557997-0</subfield>
    </datafield>
    <datafield ind1=" " ind2=" " tag="SWD">
      <subfield code="s">Kapitalistische Gesellschaft</subfield>
      <subfield code="9">(DE-588)4029577-1</subfield>
    </datafield>
    <datafield ind1=" " ind2=" " tag="SWD">
      <subfield code="s">Kapitalistische Wirtschaft</subfield>
      <subfield code="9">(DE-588)4029577-1</subfield>
    </datafield>
    <datafield ind1=" " ind2=" " tag="SWD">
      <subfield code="s">Kapitalistisches Gesellschaftssystem</subfield>
      <subfield code="9">(DE-588)4029577-1</subfield>
    </datafield>
    <datafield ind1=" " ind2=" " tag="SWD">
      <subfield code="s">Kapitalistisches Wirtschaftssystem</subfield>
      <subfield code="9">(DE-588)4029577-1</subfield>
    </datafield>
    <datafield ind1=" " ind2=" " tag="SWD">
      <subfield code="s">Wissenschaftliche Abhandlung</subfield>
      <subfield code="x">Literatur</subfield>
      <subfield code="9">(DE-588)4066586-0</subfield>
    </datafield>
    <datafield ind1=" " ind2=" " tag="SWD">
      <subfield code="s">Forschungsliteratur</subfield>
      <subfield code="9">(DE-588)4066586-0</subfield>
    </datafield>
    <datafield ind1=" " ind2=" " tag="SWD">
      <subfield code="s">Sekund&#xE4;rliteratur</subfield>
      <subfield code="9">(DE-588)4066586-0</subfield>
    </datafield>
    <datafield ind1=" " ind2=" " tag="SWD">
      <subfield code="s">Wissenschaftliche Ver&#xF6;ffentlichung</subfield>
      <subfield code="9">(DE-588)4066586-0</subfield>
    </datafield>
    <datafield ind1=" " ind2=" " tag="SWD">
      <subfield code="s">Wissenschaftliche Publikation</subfield>
      <subfield code="9">(DE-588)4066586-0</subfield>
    </datafield>
    <datafield ind1=" " ind2=" " tag="SWD">
      <subfield code="s">Wissenschaftliche Abhandlung</subfield>
      <subfield code="x">Literatur</subfield>
      <subfield code="9">(DE-588)4066586-0</subfield>
    </datafield>
    <datafield ind1=" " ind2=" " tag="SWD">
      <subfield code="s">Forschungsliteratur</subfield>
      <subfield code="9">(DE-588)4066586-0</subfield>
    </datafield>
    <datafield ind1=" " ind2=" " tag="SWD">
      <subfield code="s">Sekund&#xE4;rliteratur</subfield>
      <subfield code="9">(DE-588)4066586-0</subfield>
    </datafield>
    <datafield ind1=" " ind2=" " tag="SWD">
      <subfield code="s">Wissenschaftliche Ver&#xF6;ffentlichung</subfield>
      <subfield code="9">(DE-588)4066586-0</subfield>
    </datafield>
    <datafield ind1=" " ind2=" " tag="SWD">
      <subfield code="s">Wissenschaftliche Publikation</subfield>
      <subfield code="9">(DE-588)4066586-0</subfield>
    </datafield>
    <datafield ind1=" " ind2=" " tag="BKL">
      <subfield code="a">Allgemeinbibliographien</subfield>
    </datafield>
    <datafield ind1=" " ind2=" " tag="BKL">
      <subfield code="a">Universalbibliographien</subfield>
    </datafield>
    <datafield ind1=" " ind2=" " tag="BKL">
      <subfield code="a">general bibliographies, world bibliographies</subfield>
    </datafield>
    <datafield ind1=" " ind2=" " tag="BKL">
      <subfield code="a">general bibliographies</subfield>
    </datafield>
    <datafield ind1=" " ind2=" " tag="BKL">
      <subfield code="a">world bibliographies</subfield>
    </datafield>
    <datafield ind1=" " ind2=" " tag="BKL">
      <subfield code="a">Bibliographien der Bibliographien</subfield>
    </datafield>
    <datafield ind1=" " ind2=" " tag="BKL">
      <subfield code="a">Datenbanken</subfield>
    </datafield>
    <datafield ind1=" " ind2=" " tag="BKL">
      <subfield code="a">computer science: databases</subfield>
    </datafield>
    <datafield ind1=" " ind2=" " tag="BKL">
      <subfield code="a">databases &lt;computer science&gt;</subfield>
    </datafield>
    <datafield ind1=" " ind2=" " tag="BKL">
      <subfield code="a">Informationssysteme &lt;Informatik&gt;</subfield>
    </datafield>
    <datafield ind1=" " ind2=" " tag="BKL">
      <subfield code="a">Datenbankmanagement</subfield>
    </datafield>
    <datafield ind1=" " ind2=" " tag="KOR">
      <subfield code="k">Kammer f&#xFC;r Arbeiter und Angestellte Wien</subfield>
      <subfield code="9">(DE-588)2015235-8</subfield>
    </datafield>
    <datafield ind1=" " ind2=" " tag="KOR">
      <subfield code="k">Kammer f&#xFC;r Arbeiter und Angestellte f&#xFC;r Wien</subfield>
      <subfield code="b">Pressestelle</subfield>
      <subfield code="9">(DE-588)2015235-8</subfield>
    </datafield>
    <datafield ind1=" " ind2=" " tag="KOR">
      <subfield code="k">Arbeiterkammer Wien</subfield>
      <subfield code="9">(DE-588)2015235-8</subfield>
    </datafield>
    <datafield ind1=" " ind2=" " tag="KOR">
      <subfield code="k">Kammer f&#xFC;r Arbeiter und Angestellte in Wien</subfield>
      <subfield code="9">(DE-588)2015235-8</subfield>
    </datafield>
    <datafield ind1=" " ind2=" " tag="KOR">
      <subfield code="k">Arbeiterkammer in Wien</subfield>
      <subfield code="9">(DE-588)2015235-8</subfield>
    </datafield>
    <datafield ind1=" " ind2=" " tag="KOR">
      <subfield code="9">(DE-588)4073178-9</subfield>
    </datafield>
    <datafield ind1=" " ind2=" " tag="KOR">
      <subfield code="k">Kammer f&#xFC;r Arbeiter und Angestellte</subfield>
      <subfield code="h">Wien</subfield>
      <subfield code="9">(DE-588)2015235-8</subfield>
    </datafield>
    <datafield ind1=" " ind2=" " tag="KOR">
      <subfield code="k">Wiener Kammer f&#xFC;r Arbeiter und Angestellte</subfield>
      <subfield code="9">(DE-588)2015235-8</subfield>
    </datafield>
    <datafield ind1=" " ind2=" " tag="KOR">
      <subfield code="k">Wiener Arbeiterkammer</subfield>
      <subfield code="9">(DE-588)2015235-8</subfield>
    </datafield>
    <datafield ind1=" " ind2=" " tag="KOR">
      <subfield code="k">Palata Truda</subfield>
      <subfield code="h">Wien</subfield>
      <subfield code="9">(DE-588)2015235-8</subfield>
    </datafield>
    <datafield ind1=" " ind2=" " tag="KOR">
      <subfield code="k">Chambers of Labour</subfield>
      <subfield code="9">(DE-588)2015235-8</subfield>
    </datafield>
    <datafield ind1=" " ind2=" " tag="KOR">
      <subfield code="k">Chambres du Travail</subfield>
      <subfield code="9">(DE-588)2015235-8</subfield>
    </datafield>
    <datafield ind1=" " ind2=" " tag="KOR">
      <subfield code="k">AK</subfield>
      <subfield code="9">(DE-588)2015235-8</subfield>
    </datafield>
    <datafield ind1=" " ind2=" " tag="KOR">
      <subfield code="k">AK Wien</subfield>
      <subfield code="9">(DE-588)2015235-8</subfield>
    </datafield>
    <datafield ind1=" " ind2=" " tag="AVA">
      <subfield code="a">AKW50</subfield>
      <subfield code="b">XAW1</subfield>
      <subfield code="c">Magazin 1</subfield>
      <subfield code="d">B113891</subfield>
      <subfield code="e">available</subfield>
      <subfield code="t">Verf&#xFC;gbar</subfield>
      <subfield code="f">2</subfield>
      <subfield code="g">0</subfield>
      <subfield code="h">N</subfield>
      <subfield code="i">0</subfield>
      <subfield code="j">MAG1</subfield>
    </datafield>
    <datafield ind1="-" ind2="1" tag="Z30">
      <subfield code="1">XAW1</subfield>
      <subfield code="2">MAG1</subfield>
      <subfield code="3">B113891</subfield>
    </datafield>
    <datafield ind1="-" ind2="1" tag="Z30">
      <subfield code="1">XAW1</subfield>
      <subfield code="2">MAG1</subfield>
      <subfield code="3">B113891</subfield>
    </datafield>
  </record>