
  <record>
    <leader>01128nM2.01200024------h</leader>
    <controlfield tag="LDR">01128nM2.01200024------h</controlfield>
    <controlfield tag="FMT">MH</controlfield>
    <datafield ind1="-" ind2="1" tag="001">
      <subfield code="a">AC03250585</subfield>
    </datafield>
    <datafield ind1="b" ind2="1" tag="002">
      <subfield code="a">20010907</subfield>
    </datafield>
    <controlfield tag="030">g|1dar|z|||17</controlfield>
    <datafield ind1="a" ind2="1" tag="036">
      <subfield code="a">DE</subfield>
    </datafield>
    <datafield ind1="b" ind2="1" tag="037">
      <subfield code="a">ger</subfield>
    </datafield>
    <controlfield tag="050">a|b|||||||||||</controlfield>
    <controlfield tag="051">s|||z||</controlfield>
    <datafield ind1="a" ind2="1" tag="070">
      <subfield code="a">292</subfield>
    </datafield>
    <datafield ind1="s" ind2="1" tag="076">
      <subfield code="a">54</subfield>
    </datafield>
    <datafield ind1="-" ind2="1" tag="100">
      <subfield code="p">Tjaden-Steinhauer, Margarete</subfield>
      <subfield code="d">1936-</subfield>
      <subfield code="9">(DE-588)140912525</subfield>
    </datafield>
    <datafield ind1="a" ind2="1" tag="104">
      <subfield code="p">Tjaden, Karl Hermann</subfield>
      <subfield code="d">1935-</subfield>
      <subfield code="9">(DE-588)124595200</subfield>
    </datafield>
    <datafield ind1="-" ind2="1" tag="331">
      <subfield code="a">Gesellschaft von Rom bis Ffm</subfield>
    </datafield>
    <datafield ind1="-" ind2="1" tag="335">
      <subfield code="a">Ungleichheitsverh&#xE4;ltnisse in West-Europa und die iberischen Eigenwege</subfield>
    </datafield>
    <datafield ind1="-" ind2="1" tag="359">
      <subfield code="a">Margarete Tjaden-Steinhauer ; Karl Hermann Tjaden</subfield>
    </datafield>
    <datafield ind1="-" ind2="1" tag="361">
      <subfield code="a">Mit einer Diskussion &#xFC;ber Anf&#xE4;nge gesellschaftlicher Ungleichheit / von Frigga Haug ...</subfield>
    </datafield>
    <datafield ind1="a" ind2="1" tag="370">
      <subfield code="a">Diskussion &#xFC;ber Anf&#xE4;nge gesellschaftlicher Ungleichheit</subfield>
    </datafield>
    <datafield ind1="a" ind2="1" tag="370">
      <subfield code="a">&#xDC;ber Anf&#xE4;nge gesellschaftlicher Ungleichheit</subfield>
    </datafield>
    <datafield ind1="-" ind2="1" tag="410">
      <subfield code="a">Kassel</subfield>
    </datafield>
    <datafield ind1="-" ind2="1" tag="412">
      <subfield code="a">Jenior</subfield>
    </datafield>
    <datafield ind1="a" ind2="1" tag="425">
      <subfield code="a">2001</subfield>
    </datafield>
    <datafield ind1="-" ind2="1" tag="433">
      <subfield code="a">464 S.</subfield>
    </datafield>
    <datafield ind1="-" ind2="1" tag="434">
      <subfield code="a">Ill.</subfield>
    </datafield>
    <datafield ind1="-" ind2="1" tag="435">
      <subfield code="a">19 cm</subfield>
    </datafield>
    <datafield ind1="-" ind2="1" tag="451">
      <subfield code="a">Studien zu Subsistenz, Familie, Politik ; 2</subfield>
    </datafield>
    <datafield ind1="r" ind2="1" tag="453">
      <subfield code="a">AC02207731</subfield>
    </datafield>
    <datafield ind1="c" ind2="1" tag="454">
      <subfield code="a">Studien zu Subsistenz, Familie, Politik</subfield>
    </datafield>
    <datafield ind1="-" ind2="1" tag="455">
      <subfield code="a">2</subfield>
    </datafield>
    <datafield ind1="-" ind2="1" tag="456">
      <subfield code="a">2</subfield>
    </datafield>
    <datafield ind1="-" ind2="1" tag="501">
      <subfield code="a">Literaturangaben</subfield>
    </datafield>
    <datafield ind1="a" ind2="1" tag="540">
      <subfield code="a">3-934377-60-2</subfield>
      <subfield code="b">Pp. : DM 44.00, sfr 44.00, S 308.00</subfield>
    </datafield>
    <datafield ind1="c" ind2="1" tag="700">
      <subfield code="a">HN373</subfield>
    </datafield>
    <datafield ind1="d" ind2="1" tag="700">
      <subfield code="a">9.1;9.3a/XA</subfield>
    </datafield>
    <datafield ind1="d" ind2="1" tag="700">
      <subfield code="a">9.1;9.3b/XA</subfield>
    </datafield>
    <datafield ind1="f" ind2="1" tag="700">
      <subfield code="a">71.11</subfield>
      <subfield code="b">Gesellschaft &lt;Soziologie&gt;</subfield>
    </datafield>
    <datafield ind1="f" ind2="1" tag="700">
      <subfield code="a">71.12</subfield>
      <subfield code="b">Soziale Stratifikation, soziale Mobilit&#xE4;t</subfield>
    </datafield>
    <datafield ind1="g" ind2="1" tag="700">
      <subfield code="a">MS 1090</subfield>
    </datafield>
    <datafield ind1="b" ind2="1" tag="710">
      <subfield code="a">Westeuropa</subfield>
    </datafield>
    <datafield ind1="b" ind2="1" tag="710">
      <subfield code="a">Spanien</subfield>
    </datafield>
    <datafield ind1="a" ind2="1" tag="710">
      <subfield code="a">Altertum</subfield>
    </datafield>
    <datafield ind1="a" ind2="1" tag="710">
      <subfield code="a">Mittelalter</subfield>
    </datafield>
    <datafield ind1="a" ind2="1" tag="710">
      <subfield code="a">Neuzeit</subfield>
    </datafield>
    <datafield ind1="a" ind2="1" tag="710">
      <subfield code="a">Gesellschaft</subfield>
    </datafield>
    <datafield ind1="a" ind2="1" tag="710">
      <subfield code="a">Ungleichheit</subfield>
    </datafield>
    <datafield ind1="a" ind2="1" tag="710">
      <subfield code="a">Politik</subfield>
    </datafield>
    <datafield ind1="a" ind2="1" tag="710">
      <subfield code="a">Wirtschaft</subfield>
    </datafield>
    <datafield ind1="a" ind2="1" tag="710">
      <subfield code="a">Familienpolitik</subfield>
    </datafield>
    <datafield ind1="f" ind2="1" tag="710">
      <subfield code="a">Vergleiche</subfield>
    </datafield>
    <datafield ind1="-" ind2="1" tag="SG1">
      <subfield code="a">300</subfield>
    </datafield>
    <datafield ind1="-" ind2="1" tag="SG1">
      <subfield code="a">600</subfield>
    </datafield>
    <datafield ind1="-" ind2="1" tag="SG1">
      <subfield code="a">200</subfield>
    </datafield>
    <datafield ind1="s" ind2="1" tag="740">
      <subfield code="a">Equality</subfield>
      <subfield code="z">Europe</subfield>
      <subfield code="x">History</subfield>
    </datafield>
    <datafield ind1="s" ind2="1" tag="740">
      <subfield code="a">Historical sociology</subfield>
    </datafield>
    <datafield ind1="s" ind2="1" tag="740">
      <subfield code="a">Social status</subfield>
      <subfield code="z">Europe</subfield>
      <subfield code="x">History</subfield>
    </datafield>
    <datafield ind1="-" ind2="1" tag="902">
      <subfield code="g">Westeuropa</subfield>
      <subfield code="9">(DE-588)4079215-8</subfield>
    </datafield>
    <datafield ind1="-" ind2="1" tag="902">
      <subfield code="s">Gesellschaft</subfield>
      <subfield code="9">(DE-588)4020588-5</subfield>
    </datafield>
    <datafield ind1="-" ind2="1" tag="902">
      <subfield code="z">Geschichte</subfield>
    </datafield>
    <datafield ind1="-" ind2="1" tag="907">
      <subfield code="g">Westeuropa</subfield>
      <subfield code="9">(DE-588)4079215-8</subfield>
    </datafield>
    <datafield ind1="-" ind2="1" tag="907">
      <subfield code="s">Soziale Ungleichheit</subfield>
      <subfield code="9">(DE-588)4055736-4</subfield>
    </datafield>
    <datafield ind1="-" ind2="1" tag="907">
      <subfield code="z">Geschichte</subfield>
    </datafield>
    <controlfield tag="SYS">000275209</controlfield>
    <datafield ind1=" " ind2=" " tag="SWD">
      <subfield code="g">Europa</subfield>
      <subfield code="z">West</subfield>
      <subfield code="9">(DE-588)4079215-8</subfield>
    </datafield>
    <datafield ind1=" " ind2=" " tag="SWD">
      <subfield code="s">Soziale Differenz</subfield>
      <subfield code="9">(DE-588)4055736-4</subfield>
    </datafield>
    <datafield ind1=" " ind2=" " tag="SWD">
      <subfield code="s">Gesellschaftliche Ungleichheit</subfield>
      <subfield code="9">(DE-588)4055736-4</subfield>
    </datafield>
    <datafield ind1=" " ind2=" " tag="SWD">
      <subfield code="s">Sozialer Unterschied</subfield>
      <subfield code="9">(DE-588)4055736-4</subfield>
    </datafield>
    <datafield ind1=" " ind2=" " tag="BKL">
      <subfield code="a">sociology: social structure: society</subfield>
    </datafield>
    <datafield ind1=" " ind2=" " tag="BKL">
      <subfield code="a">society &lt;sociology: social structure&gt;</subfield>
    </datafield>
    <datafield ind1=" " ind2=" " tag="SWD">
      <subfield code="g">Europa</subfield>
      <subfield code="z">West</subfield>
      <subfield code="9">(DE-588)4079215-8</subfield>
    </datafield>
    <datafield ind1=" " ind2=" " tag="SWD">
      <subfield code="s">Soziale Differenz</subfield>
      <subfield code="9">(DE-588)4055736-4</subfield>
    </datafield>
    <datafield ind1=" " ind2=" " tag="SWD">
      <subfield code="s">Gesellschaftliche Ungleichheit</subfield>
      <subfield code="9">(DE-588)4055736-4</subfield>
    </datafield>
    <datafield ind1=" " ind2=" " tag="SWD">
      <subfield code="s">Sozialer Unterschied</subfield>
      <subfield code="9">(DE-588)4055736-4</subfield>
    </datafield>
    <datafield ind1=" " ind2=" " tag="BKL">
      <subfield code="a">Soziale Stratifikation</subfield>
    </datafield>
    <datafield ind1=" " ind2=" " tag="BKL">
      <subfield code="a">soziale Mobilit&#xE4;t</subfield>
    </datafield>
    <datafield ind1=" " ind2=" " tag="BKL">
      <subfield code="a">sociology: social structure: social stratification, social mobility</subfield>
    </datafield>
    <datafield ind1=" " ind2=" " tag="BKL">
      <subfield code="a">sociology: social structure: social stratification</subfield>
    </datafield>
    <datafield ind1=" " ind2=" " tag="BKL">
      <subfield code="a">sociology: social structure: social mobility</subfield>
    </datafield>
    <datafield ind1=" " ind2=" " tag="BKL">
      <subfield code="a">social stratification &lt;sociology: social structure&gt;</subfield>
    </datafield>
    <datafield ind1=" " ind2=" " tag="BKL">
      <subfield code="a">social mobility &lt;sociology: social structure&gt;</subfield>
    </datafield>
    <datafield ind1=" " ind2=" " tag="BKL">
      <subfield code="a">Soziale Klassen</subfield>
    </datafield>
    <datafield ind1=" " ind2=" " tag="BKL">
      <subfield code="a">soziale Ungleichheit</subfield>
    </datafield>
    <datafield ind1=" " ind2=" " tag="BKL">
      <subfield code="a">soziale Schichten</subfield>
    </datafield>
    <datafield ind1=" " ind2=" " tag="PER">
      <subfield code="p">Tjaden, Karl H.</subfield>
      <subfield code="d">1935-</subfield>
      <subfield code="9">(DE-588)124595200</subfield>
    </datafield>
    <datafield ind1=" " ind2=" " tag="PER">
      <subfield code="p">Tjaden, K. H.</subfield>
      <subfield code="d">1935-</subfield>
      <subfield code="9">(DE-588)124595200</subfield>
    </datafield>
    <datafield ind1=" " ind2=" " tag="PER">
      <subfield code="p">Tjaden, Kay</subfield>
      <subfield code="d">1935-</subfield>
      <subfield code="9">(DE-588)124595200</subfield>
    </datafield>
    <datafield ind1=" " ind2=" " tag="PER">
      <subfield code="p">Steinhauer, Margarete Tjaden-</subfield>
      <subfield code="d">1936-</subfield>
      <subfield code="9">(DE-588)140912525</subfield>
    </datafield>
    <datafield ind1=" " ind2=" " tag="PER">
      <subfield code="p">Steinhauer, Margarete</subfield>
      <subfield code="d">1936-</subfield>
      <subfield code="9">(DE-588)140912525</subfield>
    </datafield>
    <datafield ind1=" " ind2=" " tag="PER">
      <subfield code="p">Tjaden-Steinhauer, M.</subfield>
      <subfield code="d">1936-</subfield>
      <subfield code="9">(DE-588)140912525</subfield>
    </datafield>
    <datafield ind1=" " ind2=" " tag="PER">
      <subfield code="p">Steinhauer, Margarete T.-</subfield>
      <subfield code="d">1936-</subfield>
      <subfield code="9">(DE-588)140912525</subfield>
    </datafield>
    <datafield ind1=" " ind2=" " tag="PER">
      <subfield code="p">Tjaden, Karl H.</subfield>
      <subfield code="d">1935-</subfield>
      <subfield code="9">(DE-588)124595200</subfield>
    </datafield>
    <datafield ind1=" " ind2=" " tag="PER">
      <subfield code="p">Tjaden, K. H.</subfield>
      <subfield code="d">1935-</subfield>
      <subfield code="9">(DE-588)124595200</subfield>
    </datafield>
    <datafield ind1=" " ind2=" " tag="PER">
      <subfield code="p">Tjaden, Kay</subfield>
      <subfield code="d">1935-</subfield>
      <subfield code="9">(DE-588)124595200</subfield>
    </datafield>
    <datafield ind1=" " ind2=" " tag="PER">
      <subfield code="p">Steinhauer, Margarete Tjaden-</subfield>
      <subfield code="d">1936-</subfield>
      <subfield code="9">(DE-588)140912525</subfield>
    </datafield>
    <datafield ind1=" " ind2=" " tag="PER">
      <subfield code="p">Steinhauer, Margarete</subfield>
      <subfield code="d">1936-</subfield>
      <subfield code="9">(DE-588)140912525</subfield>
    </datafield>
    <datafield ind1=" " ind2=" " tag="PER">
      <subfield code="p">Tjaden-Steinhauer, M.</subfield>
      <subfield code="d">1936-</subfield>
      <subfield code="9">(DE-588)140912525</subfield>
    </datafield>
    <datafield ind1=" " ind2=" " tag="PER">
      <subfield code="p">Steinhauer, Margarete T.-</subfield>
      <subfield code="d">1936-</subfield>
      <subfield code="9">(DE-588)140912525</subfield>
    </datafield>
    <datafield ind1=" " ind2=" " tag="AVA">
      <subfield code="a">AKW50</subfield>
      <subfield code="b">XAW1</subfield>
      <subfield code="c">Hauptmagazin</subfield>
      <subfield code="d">A42574</subfield>
      <subfield code="e">available</subfield>
      <subfield code="t">Verf&#xFC;gbar</subfield>
      <subfield code="f">1</subfield>
      <subfield code="g">0</subfield>
      <subfield code="h">N</subfield>
      <subfield code="i">1</subfield>
      <subfield code="j">MAG1</subfield>
    </datafield>
    <datafield ind1="-" ind2="1" tag="Z30">
      <subfield code="1">XAW1</subfield>
      <subfield code="2">MAG1</subfield>
      <subfield code="3">A42574</subfield>
    </datafield>
  </record>