
  <record>
    <leader>00665nM2.01000024------h</leader>
    <controlfield tag="LDR">00665nM2.01000024------h</controlfield>
    <controlfield tag="FMT">MH</controlfield>
    <datafield ind1="-" ind2="1" tag="001">
      <subfield code="a">AC03558435</subfield>
    </datafield>
    <datafield ind1="b" ind2="1" tag="002">
      <subfield code="a">20021104</subfield>
    </datafield>
    <controlfield tag="030">|zzzc||z|||37</controlfield>
    <datafield ind1="a" ind2="1" tag="036">
      <subfield code="a">GB</subfield>
    </datafield>
    <datafield ind1="b" ind2="1" tag="037">
      <subfield code="a">eng</subfield>
    </datafield>
    <controlfield tag="050">a|a|||||||||||</controlfield>
    <controlfield tag="051">s||||||</controlfield>
    <datafield ind1="a" ind2="1" tag="070">
      <subfield code="a">BVB</subfield>
    </datafield>
    <datafield ind1="s" ind2="1" tag="076">
      <subfield code="a">11</subfield>
    </datafield>
    <datafield ind1="b" ind2="1" tag="100">
      <subfield code="p">Panitch, Leo</subfield>
      <subfield code="d">1945-</subfield>
      <subfield code="9">(DE-588)129372730</subfield>
      <subfield code="b">[Hrsg.]</subfield>
    </datafield>
    <datafield ind1="-" ind2="1" tag="331">
      <subfield code="a">&lt;&lt;A&gt;&gt; world of contradictions</subfield>
    </datafield>
    <datafield ind1="-" ind2="1" tag="359">
      <subfield code="a">ed. by Leo Panitch and Colin Leys</subfield>
    </datafield>
    <datafield ind1="-" ind2="1" tag="403">
      <subfield code="a">1. publ.</subfield>
    </datafield>
    <datafield ind1="-" ind2="1" tag="410">
      <subfield code="a">London</subfield>
    </datafield>
    <datafield ind1="-" ind2="1" tag="412">
      <subfield code="a">Merlin Press [u.a.]</subfield>
    </datafield>
    <datafield ind1="a" ind2="1" tag="425">
      <subfield code="a">2001</subfield>
    </datafield>
    <datafield ind1="-" ind2="1" tag="433">
      <subfield code="a">IX, 293 S.</subfield>
    </datafield>
    <datafield ind1="-" ind2="1" tag="434">
      <subfield code="a">graph. Darst.</subfield>
    </datafield>
    <datafield ind1="-" ind2="1" tag="451">
      <subfield code="a">Socialist register ; 2002</subfield>
    </datafield>
    <datafield ind1="r" ind2="1" tag="453">
      <subfield code="a">AC00470658</subfield>
    </datafield>
    <datafield ind1="-" ind2="1" tag="540">
      <subfield code="a">0-85036-501-5</subfield>
    </datafield>
    <datafield ind1="-" ind2="1" tag="540">
      <subfield code="a">0-85036-502-3</subfield>
    </datafield>
    <datafield ind1="-" ind2="1" tag="540">
      <subfield code="a">1-58367-049-1</subfield>
    </datafield>
    <datafield ind1="-" ind2="1" tag="540">
      <subfield code="a">1-58367-048-3</subfield>
    </datafield>
    <datafield ind1="-" ind2="1" tag="540">
      <subfield code="a">1-55266-058-3</subfield>
    </datafield>
    <datafield ind1="f" ind2="1" tag="700">
      <subfield code="a">89.14</subfield>
      <subfield code="b">Sozialismus</subfield>
      <subfield code="z">Automatisch aus GBV_2011-10 2012-06-09</subfield>
    </datafield>
    <datafield ind1="f" ind2="1" tag="700">
      <subfield code="a">89.30</subfield>
      <subfield code="b">Politische Systeme: Allgemeines</subfield>
      <subfield code="z">Automatisch aus GBV_2011-10 2012-06-09</subfield>
    </datafield>
    <datafield ind1="f" ind2="1" tag="700">
      <subfield code="a">89.70</subfield>
      <subfield code="b">Internationale Beziehungen: Allgemeines</subfield>
      <subfield code="z">Automatisch aus GBV_2011-10 2012-06-09</subfield>
    </datafield>
    <datafield ind1="a" ind2="1" tag="710">
      <subfield code="a">Wirtschaftspolitik, internationale</subfield>
    </datafield>
    <datafield ind1="a" ind2="1" tag="710">
      <subfield code="a">Globalisierung</subfield>
    </datafield>
    <datafield ind1="a" ind2="1" tag="710">
      <subfield code="a">Sozialismus</subfield>
    </datafield>
    <datafield ind1="f" ind2="1" tag="710">
      <subfield code="a">Aufs&#xE4;tze</subfield>
    </datafield>
    <datafield ind1="-" ind2="1" tag="SG1">
      <subfield code="a">600</subfield>
    </datafield>
    <datafield ind1="-" ind2="1" tag="902">
      <subfield code="s">Globalisierung</subfield>
      <subfield code="9">(DE-588)4557997-0</subfield>
    </datafield>
    <datafield ind1="-" ind2="1" tag="902">
      <subfield code="s">Kritik</subfield>
      <subfield code="9">(DE-588)4033229-9</subfield>
    </datafield>
    <datafield ind1="-" ind2="1" tag="902">
      <subfield code="f">Aufsatzsammlung</subfield>
    </datafield>
    <datafield ind1="-" ind2="1" tag="907">
      <subfield code="s">Kapitalismus</subfield>
      <subfield code="9">(DE-588)4029577-1</subfield>
    </datafield>
    <datafield ind1="-" ind2="1" tag="907">
      <subfield code="s">Kritik</subfield>
      <subfield code="9">(DE-588)4033229-9</subfield>
    </datafield>
    <datafield ind1="-" ind2="1" tag="907">
      <subfield code="f">Aufsatzsammlung</subfield>
    </datafield>
    <controlfield tag="SYS">000278619</controlfield>
    <datafield ind1=" " ind2=" " tag="BKL">
      <subfield code="a">Sozialismus</subfield>
    </datafield>
    <datafield ind1=" " ind2=" " tag="BKL">
      <subfield code="a">political science: political ideologies: socialism</subfield>
    </datafield>
    <datafield ind1=" " ind2=" " tag="BKL">
      <subfield code="a">socialism &lt;political science: political ideologies&gt;</subfield>
    </datafield>
    <datafield ind1=" " ind2=" " tag="BKL">
      <subfield code="a">Marxismus</subfield>
    </datafield>
    <datafield ind1=" " ind2=" " tag="BKL">
      <subfield code="a">Sozialdemokratie</subfield>
    </datafield>
    <datafield ind1=" " ind2=" " tag="BKL">
      <subfield code="a">Arbeiterbewegung</subfield>
    </datafield>
    <datafield ind1=" " ind2=" " tag="BKL">
      <subfield code="a">Internationale Beziehungen: Allgemeines</subfield>
    </datafield>
    <datafield ind1=" " ind2=" " tag="BKL">
      <subfield code="a">political science: international relations: general</subfield>
    </datafield>
    <datafield ind1=" " ind2=" " tag="SWD">
      <subfield code="s">Kapitalistische Gesellschaft</subfield>
      <subfield code="9">(DE-588)4029577-1</subfield>
    </datafield>
    <datafield ind1=" " ind2=" " tag="SWD">
      <subfield code="s">Kapitalistische Wirtschaft</subfield>
      <subfield code="9">(DE-588)4029577-1</subfield>
    </datafield>
    <datafield ind1=" " ind2=" " tag="SWD">
      <subfield code="s">Kapitalistisches Gesellschaftssystem</subfield>
      <subfield code="9">(DE-588)4029577-1</subfield>
    </datafield>
    <datafield ind1=" " ind2=" " tag="SWD">
      <subfield code="s">Kapitalistisches Wirtschaftssystem</subfield>
      <subfield code="9">(DE-588)4029577-1</subfield>
    </datafield>
    <datafield ind1=" " ind2=" " tag="SWD">
      <subfield code="s">Weltwirtschaft</subfield>
      <subfield code="x">Internationalisierung</subfield>
      <subfield code="9">(DE-588)4557997-0</subfield>
    </datafield>
    <datafield ind1=" " ind2=" " tag="SWD">
      <subfield code="s">Weltgesellschaft</subfield>
      <subfield code="x">Internationalisierung</subfield>
      <subfield code="9">(DE-588)4557997-0</subfield>
    </datafield>
    <datafield ind1=" " ind2=" " tag="SWD">
      <subfield code="s">Globalisation</subfield>
      <subfield code="9">(DE-588)4557997-0</subfield>
    </datafield>
    <datafield ind1=" " ind2=" " tag="SWD">
      <subfield code="s">Globalization</subfield>
      <subfield code="9">(DE-588)4557997-0</subfield>
    </datafield>
    <datafield ind1=" " ind2=" " tag="SWD">
      <subfield code="s">Weltwirtschaft</subfield>
      <subfield code="x">Internationalisierung</subfield>
      <subfield code="9">(DE-588)4557997-0</subfield>
    </datafield>
    <datafield ind1=" " ind2=" " tag="SWD">
      <subfield code="s">Weltgesellschaft</subfield>
      <subfield code="x">Internationalisierung</subfield>
      <subfield code="9">(DE-588)4557997-0</subfield>
    </datafield>
    <datafield ind1=" " ind2=" " tag="SWD">
      <subfield code="s">Globalisation</subfield>
      <subfield code="9">(DE-588)4557997-0</subfield>
    </datafield>
    <datafield ind1=" " ind2=" " tag="SWD">
      <subfield code="s">Globalization</subfield>
      <subfield code="9">(DE-588)4557997-0</subfield>
    </datafield>
    <datafield ind1=" " ind2=" " tag="SWD">
      <subfield code="s">Kapitalistische Gesellschaft</subfield>
      <subfield code="9">(DE-588)4029577-1</subfield>
    </datafield>
    <datafield ind1=" " ind2=" " tag="SWD">
      <subfield code="s">Kapitalistische Wirtschaft</subfield>
      <subfield code="9">(DE-588)4029577-1</subfield>
    </datafield>
    <datafield ind1=" " ind2=" " tag="SWD">
      <subfield code="s">Kapitalistisches Gesellschaftssystem</subfield>
      <subfield code="9">(DE-588)4029577-1</subfield>
    </datafield>
    <datafield ind1=" " ind2=" " tag="SWD">
      <subfield code="s">Kapitalistisches Wirtschaftssystem</subfield>
      <subfield code="9">(DE-588)4029577-1</subfield>
    </datafield>
    <datafield ind1=" " ind2=" " tag="BKL">
      <subfield code="a">Politische Systeme: Allgemeines</subfield>
    </datafield>
    <datafield ind1=" " ind2=" " tag="BKL">
      <subfield code="a">political systems: general</subfield>
    </datafield>
    <datafield ind1=" " ind2=" " tag="BKL">
      <subfield code="a">Politische Ordnungen</subfield>
    </datafield>
    <datafield ind1=" " ind2=" " tag="BKL">
      <subfield code="a">Politische Institutionen</subfield>
    </datafield>
    <datafield ind1=" " ind2=" " tag="BKL">
      <subfield code="a">vergleichende Regierungslehre</subfield>
    </datafield>
    <datafield ind1=" " ind2=" " tag="BKL">
      <subfield code="a">Kapitalismus als politisches System</subfield>
    </datafield>
    <datafield ind1=" " ind2=" " tag="BKL">
      <subfield code="a">Systemkrise</subfield>
    </datafield>
    <datafield ind1=" " ind2=" " tag="BKL">
      <subfield code="a">Regierungssystem</subfield>
    </datafield>
    <datafield ind1=" " ind2=" " tag="PER">
      <subfield code="p">Panitch, Leo V.</subfield>
      <subfield code="d">1945-</subfield>
      <subfield code="9">(DE-588)129372730</subfield>
    </datafield>
    <datafield ind1=" " ind2=" " tag="PER">
      <subfield code="p">Panitch, Leo V.</subfield>
      <subfield code="d">1945-</subfield>
      <subfield code="9">(DE-588)129372730</subfield>
    </datafield>
    <datafield ind1=" " ind2=" " tag="AVA">
      <subfield code="a">AKW50</subfield>
      <subfield code="b">XAW1</subfield>
      <subfield code="c">Magazin ZS</subfield>
      <subfield code="d">B43158/2002</subfield>
      <subfield code="e">available</subfield>
      <subfield code="t">Verf&#xFC;gbar</subfield>
      <subfield code="f">1</subfield>
      <subfield code="g">0</subfield>
      <subfield code="h">Y</subfield>
      <subfield code="i">0</subfield>
      <subfield code="j">MAG3</subfield>
    </datafield>
    <datafield ind1="-" ind2="2" tag="Z30">
      <subfield code="1">XAW1</subfield>
      <subfield code="2">MAG3</subfield>
      <subfield code="3">B43158/2002</subfield>
      <subfield code="b">2002</subfield>
      <subfield code="h">2002</subfield>
    </datafield>
  </record>