
  <record>
    <leader>00680nM2.01200024------h</leader>
    <controlfield tag="LDR">00680nM2.01200024------h</controlfield>
    <controlfield tag="FMT">MH</controlfield>
    <datafield ind1="-" ind2="1" tag="001">
      <subfield code="a">AC03795551</subfield>
    </datafield>
    <datafield ind1="b" ind2="1" tag="002">
      <subfield code="a">20030813</subfield>
    </datafield>
    <controlfield tag="030">u|1dkz|z|||37</controlfield>
    <datafield ind1="a" ind2="1" tag="036">
      <subfield code="a">IT</subfield>
    </datafield>
    <datafield ind1="b" ind2="1" tag="037">
      <subfield code="a">ita</subfield>
    </datafield>
    <controlfield tag="050">a|a|||||||||||</controlfield>
    <controlfield tag="051">sk|||||</controlfield>
    <datafield ind1="a" ind2="1" tag="070">
      <subfield code="a">292</subfield>
    </datafield>
    <datafield ind1="b" ind2="1" tag="100">
      <subfield code="a">Negrelli, Serafino</subfield>
    </datafield>
    <datafield ind1="b" ind2="1" tag="104">
      <subfield code="a">Pichierri, Angelo</subfield>
    </datafield>
    <datafield ind1="-" ind2="1" tag="331">
      <subfield code="a">&lt;&lt;La&gt;&gt; regolazione concertata dell'economia fra globale e locale</subfield>
    </datafield>
    <datafield ind1="-" ind2="1" tag="359">
      <subfield code="a">a cura di Serafino Negrelli, Angelo Pichierri ; scritti di: Maurizio Ambrosini ... [et al.]</subfield>
    </datafield>
    <datafield ind1="-" ind2="1" tag="410">
      <subfield code="a">Milano</subfield>
    </datafield>
    <datafield ind1="-" ind2="1" tag="412">
      <subfield code="a">F. Angeli</subfield>
    </datafield>
    <datafield ind1="a" ind2="1" tag="425">
      <subfield code="a">2002</subfield>
    </datafield>
    <datafield ind1="-" ind2="1" tag="433">
      <subfield code="a">294 p.</subfield>
    </datafield>
    <datafield ind1="-" ind2="1" tag="435">
      <subfield code="a">23 cm</subfield>
    </datafield>
    <datafield ind1="-" ind2="1" tag="451">
      <subfield code="a">Sociologia del lavoro ; 88</subfield>
    </datafield>
    <datafield ind1="r" ind2="1" tag="453">
      <subfield code="a">AC02177084</subfield>
    </datafield>
    <datafield ind1="-" ind2="1" tag="461">
      <subfield code="a">Sociologia del lavoro e dei consumi ; 93</subfield>
    </datafield>
    <datafield ind1="-" ind2="1" tag="501">
      <subfield code="a">The series is a quarterly periodical. - Summaries in English. - Contains bibliographies. - Papers presented to the meeting held in Trento, 2002</subfield>
    </datafield>
    <datafield ind1="a" ind2="1" tag="540">
      <subfield code="a">88-464-4490-6</subfield>
      <subfield code="b">: 20.00 EUR</subfield>
    </datafield>
    <datafield ind1="c" ind2="1" tag="700">
      <subfield code="a">HD</subfield>
    </datafield>
    <datafield ind1="b" ind2="1" tag="700">
      <subfield code="a">331</subfield>
      <subfield code="c">11</subfield>
    </datafield>
    <datafield ind1="f" ind2="1" tag="700">
      <subfield code="a">83.32</subfield>
      <subfield code="b">Wettbewerb</subfield>
      <subfield code="z">Automatisch aus GBV_2011-10 2012-06-11</subfield>
    </datafield>
    <datafield ind1="b" ind2="1" tag="710">
      <subfield code="a">Italien</subfield>
    </datafield>
    <datafield ind1="a" ind2="1" tag="710">
      <subfield code="a">Globalisierung</subfield>
    </datafield>
    <datafield ind1="a" ind2="1" tag="710">
      <subfield code="a">Wirtschaftspolitik</subfield>
    </datafield>
    <datafield ind1="a" ind2="1" tag="710">
      <subfield code="a">Arbeitsmarktpolitik</subfield>
    </datafield>
    <datafield ind1="a" ind2="1" tag="710">
      <subfield code="a">Regionalpolitik</subfield>
    </datafield>
    <datafield ind1="f" ind2="1" tag="710">
      <subfield code="a">Aufs&#xE4;tze</subfield>
    </datafield>
    <datafield ind1="-" ind2="1" tag="SG1">
      <subfield code="a">800</subfield>
    </datafield>
    <datafield ind1="-" ind2="1" tag="SG1">
      <subfield code="a">600</subfield>
    </datafield>
    <datafield ind1="-" ind2="1" tag="902">
      <subfield code="s">Regulierung</subfield>
      <subfield code="9">(DE-588)4201190-5</subfield>
    </datafield>
    <datafield ind1="-" ind2="1" tag="902">
      <subfield code="f">Kongress</subfield>
    </datafield>
    <datafield ind1="-" ind2="1" tag="902">
      <subfield code="g">Trient &lt;2002&gt;</subfield>
    </datafield>
    <controlfield tag="SYS">000283360</controlfield>
    <datafield ind1=" " ind2=" " tag="BKL">
      <subfield code="a">Wettbewerb</subfield>
    </datafield>
    <datafield ind1=" " ind2=" " tag="BKL">
      <subfield code="a">economic development, economic structure: competition</subfield>
    </datafield>
    <datafield ind1=" " ind2=" " tag="BKL">
      <subfield code="a">competition &lt;economic development, economic structure&gt;</subfield>
    </datafield>
    <datafield ind1=" " ind2=" " tag="BKL">
      <subfield code="a">Industrie&#xF6;konomik</subfield>
    </datafield>
    <datafield ind1=" " ind2=" " tag="BKL">
      <subfield code="a">Marktbeherrschende Unternehmung</subfield>
    </datafield>
    <datafield ind1=" " ind2=" " tag="BKL">
      <subfield code="a">Unternehmenszusammenschl&#xFC;sse &lt;Volkswirtschaft&gt;</subfield>
    </datafield>
    <datafield ind1=" " ind2=" " tag="BKL">
      <subfield code="a">Regulierung &lt;Volkswirtschaft&gt;</subfield>
    </datafield>
    <datafield ind1=" " ind2=" " tag="BKL">
      <subfield code="a">Konzentrationspolitik</subfield>
    </datafield>
    <datafield ind1=" " ind2=" " tag="BKL">
      <subfield code="a">internationaler Wettbewerb</subfield>
    </datafield>
    <datafield ind1=" " ind2=" " tag="BKL">
      <subfield code="a">multinationale Unternehmung</subfield>
    </datafield>
    <datafield ind1=" " ind2=" " tag="BKL">
      <subfield code="a">industrial organization</subfield>
    </datafield>
    <datafield ind1=" " ind2=" " tag="SWD">
      <subfield code="s">Marktregulierung</subfield>
      <subfield code="9">(DE-588)4201190-5</subfield>
    </datafield>
    <datafield ind1=" " ind2=" " tag="SWD">
      <subfield code="s">Staatliche Regulierung</subfield>
      <subfield code="9">(DE-588)4201190-5</subfield>
    </datafield>
    <datafield ind1=" " ind2=" " tag="SWD">
      <subfield code="s">Staat</subfield>
      <subfield code="x">Regulierung</subfield>
      <subfield code="9">(DE-588)4201190-5</subfield>
    </datafield>
    <datafield ind1=" " ind2=" " tag="SWD">
      <subfield code="s">Regulation</subfield>
      <subfield code="h">Wirtschaft</subfield>
      <subfield code="9">(DE-588)4201190-5</subfield>
    </datafield>
    <datafield ind1=" " ind2=" " tag="SWD">
      <subfield code="s">Staatliche Kontrolle</subfield>
      <subfield code="h">Regulierung</subfield>
      <subfield code="9">(DE-588)4201190-5</subfield>
    </datafield>
    <datafield ind1=" " ind2=" " tag="SWD">
      <subfield code="s">Marktregulierung</subfield>
      <subfield code="9">(DE-588)4201190-5</subfield>
    </datafield>
    <datafield ind1=" " ind2=" " tag="SWD">
      <subfield code="s">Staatliche Regulierung</subfield>
      <subfield code="9">(DE-588)4201190-5</subfield>
    </datafield>
    <datafield ind1=" " ind2=" " tag="SWD">
      <subfield code="s">Staat</subfield>
      <subfield code="x">Regulierung</subfield>
      <subfield code="9">(DE-588)4201190-5</subfield>
    </datafield>
    <datafield ind1=" " ind2=" " tag="SWD">
      <subfield code="s">Regulation</subfield>
      <subfield code="h">Wirtschaft</subfield>
      <subfield code="9">(DE-588)4201190-5</subfield>
    </datafield>
    <datafield ind1=" " ind2=" " tag="SWD">
      <subfield code="s">Staatliche Kontrolle</subfield>
      <subfield code="h">Regulierung</subfield>
      <subfield code="9">(DE-588)4201190-5</subfield>
    </datafield>
    <datafield ind1=" " ind2=" " tag="AVA">
      <subfield code="a">AKW50</subfield>
      <subfield code="b">XAW1</subfield>
      <subfield code="c">Magazin ZS</subfield>
      <subfield code="d">B73477/88</subfield>
      <subfield code="e">available</subfield>
      <subfield code="t">Verf&#xFC;gbar</subfield>
      <subfield code="f">1</subfield>
      <subfield code="g">0</subfield>
      <subfield code="h">N</subfield>
      <subfield code="i">0</subfield>
      <subfield code="j">MAG3</subfield>
    </datafield>
    <datafield ind1="-" ind2="1" tag="Z30">
      <subfield code="1">XAW1</subfield>
      <subfield code="2">MAG3</subfield>
      <subfield code="3">B73477/88</subfield>
      <subfield code="g">1698</subfield>
    </datafield>
  </record>