
  <record>
    <leader>00514nM2.01000024------h</leader>
    <controlfield tag="LDR">00514nM2.01000024------h</controlfield>
    <controlfield tag="FMT">MH</controlfield>
    <datafield ind1="-" ind2="1" tag="001">
      <subfield code="a">AC00766881</subfield>
    </datafield>
    <datafield ind1="z" ind2="1" tag="025">
      <subfield code="a">ZDB-451874-3</subfield>
    </datafield>
    <controlfield tag="030">z|1dcr|||||27</controlfield>
    <datafield ind1="a" ind2="1" tag="036">
      <subfield code="a">AT</subfield>
    </datafield>
    <controlfield tag="050">a|a|||||||||||</controlfield>
    <controlfield tag="052">r||||||a|||||||</controlfield>
    <datafield ind1="a" ind2="1" tag="076">
      <subfield code="a">ONB50</subfield>
    </datafield>
    <datafield ind1="a" ind2="1" tag="076">
      <subfield code="a">WUW50</subfield>
    </datafield>
    <datafield ind1="a" ind2="1" tag="076">
      <subfield code="a">UBW50</subfield>
    </datafield>
    <datafield ind1="a" ind2="1" tag="076">
      <subfield code="a">TUW50</subfield>
    </datafield>
    <datafield ind1="a" ind2="1" tag="076">
      <subfield code="a">UBI50</subfield>
    </datafield>
    <datafield ind1="a" ind2="1" tag="076">
      <subfield code="a">UBS50</subfield>
    </datafield>
    <datafield ind1="a" ind2="1" tag="076">
      <subfield code="a">UBK50</subfield>
    </datafield>
    <datafield ind1="a" ind2="1" tag="076">
      <subfield code="a">UBL50</subfield>
    </datafield>
    <datafield ind1="a" ind2="1" tag="076">
      <subfield code="a">UBG50</subfield>
    </datafield>
    <datafield ind1="-" ind2="1" tag="200">
      <subfield code="k">Kammer f&#xFC;r Arbeiter und Angestellte f&#xFC;r Wien</subfield>
      <subfield code="9">(DE-588)2015235-8</subfield>
    </datafield>
    <datafield ind1="a" ind2="1" tag="331">
      <subfield code="a">Reihe Wirtschaftswissenschaftliche Tagungen der Arbeiterkammer Wien</subfield>
    </datafield>
    <datafield ind1="a" ind2="1" tag="370">
      <subfield code="a">Wirtschaftswissenschaftliche Tagungen der AK Wien</subfield>
    </datafield>
    <datafield ind1="a" ind2="1" tag="370">
      <subfield code="a">Reihe Wirtschaftswissenschaftliche Tagungen der AK Wien</subfield>
    </datafield>
    <datafield ind1="-" ind2="1" tag="405">
      <subfield code="a">1.1993 -</subfield>
    </datafield>
    <datafield ind1="-" ind2="1" tag="410">
      <subfield code="a">Wien</subfield>
    </datafield>
    <datafield ind1="-" ind2="1" tag="412">
      <subfield code="a">LexisNexis-Verl. ARD Orac</subfield>
    </datafield>
    <datafield ind1="-" ind2="1" tag="418">
      <subfield code="a">Wien</subfield>
      <subfield code="g">Orac</subfield>
      <subfield code="h">[-2001]</subfield>
    </datafield>
    <datafield ind1="b" ind2="1" tag="425">
      <subfield code="a">1993</subfield>
    </datafield>
    <datafield ind1="-" ind2="1" tag="505">
      <subfield code="p">Nebent.</subfield>
      <subfield code="a">Wirtschaftswissenschaftliche Tagungen der AK Wien. - Reihe Wirtschaftswissenschaftliche Tagungen der AK Wien</subfield>
    </datafield>
    <datafield ind1="f" ind2="1" tag="700">
      <subfield code="a">85.63</subfield>
      <subfield code="b">Arbeitsbeziehungen</subfield>
      <subfield code="O">Automatisch generiert aus Konkordanz RVK-BK-Wirtschaftswissenschaften</subfield>
    </datafield>
    <datafield ind1="f" ind2="1" tag="700">
      <subfield code="a">89.63</subfield>
      <subfield code="b">Pressure-groups</subfield>
      <subfield code="O">Automatisch generiert aus Konkordanz RVK-BK-Wirtschaftswissenschaften</subfield>
    </datafield>
    <datafield ind1="g" ind2="1" tag="700">
      <subfield code="a">QD 040</subfield>
    </datafield>
    <datafield ind1="g" ind2="1" tag="700">
      <subfield code="a">QV 560</subfield>
    </datafield>
    <datafield ind1="z" ind2="1" tag="700">
      <subfield code="a">630</subfield>
    </datafield>
    <datafield ind1="-" ind2="1" tag="902">
      <subfield code="s">Wirtschaftswissenschaften</subfield>
      <subfield code="9">(DE-588)4066528-8</subfield>
    </datafield>
    <datafield ind1="-" ind2="1" tag="902">
      <subfield code="f">Schriftenreihe</subfield>
    </datafield>
    <datafield ind1="-" ind2="1" tag="907">
      <subfield code="k">Kammer f&#xFC;r Arbeiter und Angestellte f&#xFC;r Wien</subfield>
      <subfield code="9">(DE-588)2015235-8</subfield>
    </datafield>
    <datafield ind1="-" ind2="1" tag="907">
      <subfield code="s">Konferenz</subfield>
      <subfield code="9">(DE-588)4032055-8</subfield>
    </datafield>
    <datafield ind1="-" ind2="1" tag="907">
      <subfield code="f">Schriftenreihe</subfield>
    </datafield>
    <controlfield tag="SYS">000283711</controlfield>
    <datafield ind1=" " ind2=" " tag="SWD">
      <subfield code="s">&#xD6;konomie</subfield>
      <subfield code="h">Wirtschaftswissenschaften</subfield>
      <subfield code="9">(DE-588)4066528-8</subfield>
    </datafield>
    <datafield ind1=" " ind2=" " tag="SWD">
      <subfield code="s">Wirtschaftswissenschaft</subfield>
      <subfield code="9">(DE-588)4066528-8</subfield>
    </datafield>
    <datafield ind1=" " ind2=" " tag="KOR">
      <subfield code="k">Kammer f&#xFC;r Arbeiter und Angestellte Wien</subfield>
      <subfield code="9">(DE-588)2015235-8</subfield>
    </datafield>
    <datafield ind1=" " ind2=" " tag="KOR">
      <subfield code="k">Kammer f&#xFC;r Arbeiter und Angestellte f&#xFC;r Wien</subfield>
      <subfield code="b">Pressestelle</subfield>
      <subfield code="9">(DE-588)2015235-8</subfield>
    </datafield>
    <datafield ind1=" " ind2=" " tag="KOR">
      <subfield code="k">Arbeiterkammer Wien</subfield>
      <subfield code="9">(DE-588)2015235-8</subfield>
    </datafield>
    <datafield ind1=" " ind2=" " tag="KOR">
      <subfield code="k">Kammer f&#xFC;r Arbeiter und Angestellte in Wien</subfield>
      <subfield code="9">(DE-588)2015235-8</subfield>
    </datafield>
    <datafield ind1=" " ind2=" " tag="KOR">
      <subfield code="k">Arbeiterkammer in Wien</subfield>
      <subfield code="9">(DE-588)2015235-8</subfield>
    </datafield>
    <datafield ind1=" " ind2=" " tag="KOR">
      <subfield code="9">(DE-588)4073178-9</subfield>
    </datafield>
    <datafield ind1=" " ind2=" " tag="KOR">
      <subfield code="k">Kammer f&#xFC;r Arbeiter und Angestellte</subfield>
      <subfield code="h">Wien</subfield>
      <subfield code="9">(DE-588)2015235-8</subfield>
    </datafield>
    <datafield ind1=" " ind2=" " tag="KOR">
      <subfield code="k">Wiener Kammer f&#xFC;r Arbeiter und Angestellte</subfield>
      <subfield code="9">(DE-588)2015235-8</subfield>
    </datafield>
    <datafield ind1=" " ind2=" " tag="KOR">
      <subfield code="k">Wiener Arbeiterkammer</subfield>
      <subfield code="9">(DE-588)2015235-8</subfield>
    </datafield>
    <datafield ind1=" " ind2=" " tag="KOR">
      <subfield code="k">Palata Truda</subfield>
      <subfield code="h">Wien</subfield>
      <subfield code="9">(DE-588)2015235-8</subfield>
    </datafield>
    <datafield ind1=" " ind2=" " tag="KOR">
      <subfield code="k">Chambers of Labour</subfield>
      <subfield code="9">(DE-588)2015235-8</subfield>
    </datafield>
    <datafield ind1=" " ind2=" " tag="KOR">
      <subfield code="k">Chambres du Travail</subfield>
      <subfield code="9">(DE-588)2015235-8</subfield>
    </datafield>
    <datafield ind1=" " ind2=" " tag="KOR">
      <subfield code="k">AK</subfield>
      <subfield code="9">(DE-588)2015235-8</subfield>
    </datafield>
    <datafield ind1=" " ind2=" " tag="KOR">
      <subfield code="k">AK Wien</subfield>
      <subfield code="9">(DE-588)2015235-8</subfield>
    </datafield>
    <datafield ind1=" " ind2=" " tag="SWD">
      <subfield code="s">Besprechung</subfield>
      <subfield code="9">(DE-588)4032055-8</subfield>
    </datafield>
    <datafield ind1=" " ind2=" " tag="SWD">
      <subfield code="s">Tagung</subfield>
      <subfield code="h">Konferenz</subfield>
      <subfield code="9">(DE-588)4032055-8</subfield>
    </datafield>
    <datafield ind1=" " ind2=" " tag="SWD">
      <subfield code="s">Symposium</subfield>
      <subfield code="h">Konferenz</subfield>
      <subfield code="9">(DE-588)4032055-8</subfield>
    </datafield>
    <datafield ind1=" " ind2=" " tag="SWD">
      <subfield code="s">Symposion</subfield>
      <subfield code="h">Konferenz</subfield>
      <subfield code="9">(DE-588)4032055-8</subfield>
    </datafield>
    <datafield ind1=" " ind2=" " tag="SWD">
      <subfield code="s">Konferenzen</subfield>
      <subfield code="9">(DE-588)4032055-8</subfield>
    </datafield>
    <datafield ind1=" " ind2=" " tag="SWD">
      <subfield code="s">&#xD6;konomie</subfield>
      <subfield code="h">Wirtschaftswissenschaften</subfield>
      <subfield code="9">(DE-588)4066528-8</subfield>
    </datafield>
    <datafield ind1=" " ind2=" " tag="SWD">
      <subfield code="s">Wirtschaftswissenschaft</subfield>
      <subfield code="9">(DE-588)4066528-8</subfield>
    </datafield>
    <datafield ind1=" " ind2=" " tag="SWD">
      <subfield code="s">Besprechung</subfield>
      <subfield code="9">(DE-588)4032055-8</subfield>
    </datafield>
    <datafield ind1=" " ind2=" " tag="SWD">
      <subfield code="s">Tagung</subfield>
      <subfield code="h">Konferenz</subfield>
      <subfield code="9">(DE-588)4032055-8</subfield>
    </datafield>
    <datafield ind1=" " ind2=" " tag="SWD">
      <subfield code="s">Symposium</subfield>
      <subfield code="h">Konferenz</subfield>
      <subfield code="9">(DE-588)4032055-8</subfield>
    </datafield>
    <datafield ind1=" " ind2=" " tag="SWD">
      <subfield code="s">Symposion</subfield>
      <subfield code="h">Konferenz</subfield>
      <subfield code="9">(DE-588)4032055-8</subfield>
    </datafield>
    <datafield ind1=" " ind2=" " tag="SWD">
      <subfield code="s">Konferenzen</subfield>
      <subfield code="9">(DE-588)4032055-8</subfield>
    </datafield>
    <datafield ind1=" " ind2=" " tag="BKL">
      <subfield code="a">Arbeitsbeziehungen</subfield>
    </datafield>
    <datafield ind1=" " ind2=" " tag="BKL">
      <subfield code="a">business administration: personnel management, labour economics: industrial relations</subfield>
    </datafield>
    <datafield ind1=" " ind2=" " tag="BKL">
      <subfield code="a">industrial relations &lt;business administration: personnel management, labour economics&gt;</subfield>
    </datafield>
    <datafield ind1=" " ind2=" " tag="BKL">
      <subfield code="a">Industrial relations</subfield>
    </datafield>
    <datafield ind1=" " ind2=" " tag="BKL">
      <subfield code="a">Gewerkschaften &lt;Betriebswirtschaft&gt;</subfield>
    </datafield>
    <datafield ind1=" " ind2=" " tag="BKL">
      <subfield code="a">Arbeitskampf</subfield>
    </datafield>
    <datafield ind1=" " ind2=" " tag="BKL">
      <subfield code="a">Streik</subfield>
    </datafield>
    <datafield ind1=" " ind2=" " tag="BKL">
      <subfield code="a">Mitbestimmung</subfield>
    </datafield>
    <datafield ind1=" " ind2=" " tag="BKL">
      <subfield code="a">Betriebsrat</subfield>
    </datafield>
    <datafield ind1=" " ind2=" " tag="BKL">
      <subfield code="a">Pressure-groups</subfield>
    </datafield>
    <datafield ind1=" " ind2=" " tag="BKL">
      <subfield code="a">political organizations: pressure groups</subfield>
    </datafield>
    <datafield ind1=" " ind2=" " tag="BKL">
      <subfield code="a">pressure groups &lt;political organizations&gt;</subfield>
    </datafield>
    <datafield ind1=" " ind2=" " tag="BKL">
      <subfield code="a">Aktionsgruppen &lt;Politologie&gt;</subfield>
    </datafield>
    <datafield ind1=" " ind2=" " tag="BKL">
      <subfield code="a">Interessengruppen</subfield>
    </datafield>
    <datafield ind1=" " ind2=" " tag="BKL">
      <subfield code="a">Lobbyismus</subfield>
    </datafield>
    <datafield ind1=" " ind2=" " tag="BKL">
      <subfield code="a">Verb&#xE4;nde &lt;Politologie&gt;</subfield>
    </datafield>
    <datafield ind1=" " ind2=" " tag="BKL">
      <subfield code="a">Gewerkschaften &lt;Politologie&gt;</subfield>
    </datafield>
    <datafield ind1=" " ind2=" " tag="BKL">
      <subfield code="a">B&#xFC;rgerinitiativen</subfield>
    </datafield>
    <datafield ind1=" " ind2=" " tag="SWD">
      <subfield code="k">Kammer f&#xFC;r Arbeiter und Angestellte Wien</subfield>
      <subfield code="9">(DE-588)2015235-8</subfield>
    </datafield>
    <datafield ind1=" " ind2=" " tag="SWD">
      <subfield code="k">Kammer f&#xFC;r Arbeiter und Angestellte f&#xFC;r Wien</subfield>
      <subfield code="b">Pressestelle</subfield>
      <subfield code="9">(DE-588)2015235-8</subfield>
    </datafield>
    <datafield ind1=" " ind2=" " tag="SWD">
      <subfield code="k">Arbeiterkammer Wien</subfield>
      <subfield code="9">(DE-588)2015235-8</subfield>
    </datafield>
    <datafield ind1=" " ind2=" " tag="SWD">
      <subfield code="k">Kammer f&#xFC;r Arbeiter und Angestellte in Wien</subfield>
      <subfield code="9">(DE-588)2015235-8</subfield>
    </datafield>
    <datafield ind1=" " ind2=" " tag="SWD">
      <subfield code="k">Arbeiterkammer in Wien</subfield>
      <subfield code="9">(DE-588)2015235-8</subfield>
    </datafield>
    <datafield ind1=" " ind2=" " tag="SWD">
      <subfield code="k">Kammer f&#xFC;r Arbeiter und Angestellte</subfield>
      <subfield code="h">Wien</subfield>
      <subfield code="9">(DE-588)2015235-8</subfield>
    </datafield>
    <datafield ind1=" " ind2=" " tag="SWD">
      <subfield code="k">Palata Truda</subfield>
      <subfield code="h">Wien</subfield>
      <subfield code="9">(DE-588)2015235-8</subfield>
    </datafield>
    <datafield ind1=" " ind2=" " tag="SWD">
      <subfield code="k">Chambers of Labour</subfield>
      <subfield code="9">(DE-588)2015235-8</subfield>
    </datafield>
    <datafield ind1=" " ind2=" " tag="SWD">
      <subfield code="k">Chambres du Travail</subfield>
      <subfield code="9">(DE-588)2015235-8</subfield>
    </datafield>
    <datafield ind1=" " ind2=" " tag="SWD">
      <subfield code="k">AK</subfield>
      <subfield code="9">(DE-588)2015235-8</subfield>
    </datafield>
    <datafield ind1=" " ind2=" " tag="SWD">
      <subfield code="k">AK Wien</subfield>
      <subfield code="9">(DE-588)2015235-8</subfield>
    </datafield>
    <datafield ind1=" " ind2=" " tag="SWD">
      <subfield code="k">Wiener Kammer f&#xFC;r Arbeiter und Angestellte</subfield>
      <subfield code="9">(DE-588)2015235-8</subfield>
    </datafield>
    <datafield ind1=" " ind2=" " tag="SWD">
      <subfield code="k">Wiener Arbeiterkammer</subfield>
      <subfield code="9">(DE-588)2015235-8</subfield>
    </datafield>
    <datafield ind1=" " ind2=" " tag="SWD">
      <subfield code="9">(DE-588)4073178-9</subfield>
    </datafield>
    <datafield ind1=" " ind2=" " tag="KOR">
      <subfield code="k">Kammer f&#xFC;r Arbeiter und Angestellte Wien</subfield>
      <subfield code="9">(DE-588)2015235-8</subfield>
    </datafield>
    <datafield ind1=" " ind2=" " tag="KOR">
      <subfield code="k">Kammer f&#xFC;r Arbeiter und Angestellte f&#xFC;r Wien</subfield>
      <subfield code="b">Pressestelle</subfield>
      <subfield code="9">(DE-588)2015235-8</subfield>
    </datafield>
    <datafield ind1=" " ind2=" " tag="KOR">
      <subfield code="k">Arbeiterkammer Wien</subfield>
      <subfield code="9">(DE-588)2015235-8</subfield>
    </datafield>
    <datafield ind1=" " ind2=" " tag="KOR">
      <subfield code="k">Kammer f&#xFC;r Arbeiter und Angestellte in Wien</subfield>
      <subfield code="9">(DE-588)2015235-8</subfield>
    </datafield>
    <datafield ind1=" " ind2=" " tag="KOR">
      <subfield code="k">Arbeiterkammer in Wien</subfield>
      <subfield code="9">(DE-588)2015235-8</subfield>
    </datafield>
    <datafield ind1=" " ind2=" " tag="KOR">
      <subfield code="9">(DE-588)4073178-9</subfield>
    </datafield>
    <datafield ind1=" " ind2=" " tag="KOR">
      <subfield code="k">Kammer f&#xFC;r Arbeiter und Angestellte</subfield>
      <subfield code="h">Wien</subfield>
      <subfield code="9">(DE-588)2015235-8</subfield>
    </datafield>
    <datafield ind1=" " ind2=" " tag="KOR">
      <subfield code="k">Wiener Kammer f&#xFC;r Arbeiter und Angestellte</subfield>
      <subfield code="9">(DE-588)2015235-8</subfield>
    </datafield>
    <datafield ind1=" " ind2=" " tag="KOR">
      <subfield code="k">Wiener Arbeiterkammer</subfield>
      <subfield code="9">(DE-588)2015235-8</subfield>
    </datafield>
    <datafield ind1=" " ind2=" " tag="KOR">
      <subfield code="k">Palata Truda</subfield>
      <subfield code="h">Wien</subfield>
      <subfield code="9">(DE-588)2015235-8</subfield>
    </datafield>
    <datafield ind1=" " ind2=" " tag="KOR">
      <subfield code="k">Chambers of Labour</subfield>
      <subfield code="9">(DE-588)2015235-8</subfield>
    </datafield>
    <datafield ind1=" " ind2=" " tag="KOR">
      <subfield code="k">Chambres du Travail</subfield>
      <subfield code="9">(DE-588)2015235-8</subfield>
    </datafield>
    <datafield ind1=" " ind2=" " tag="KOR">
      <subfield code="k">AK</subfield>
      <subfield code="9">(DE-588)2015235-8</subfield>
    </datafield>
    <datafield ind1=" " ind2=" " tag="KOR">
      <subfield code="k">AK Wien</subfield>
      <subfield code="9">(DE-588)2015235-8</subfield>
    </datafield>
    <datafield ind1=" " ind2=" " tag="SWD">
      <subfield code="k">Kammer f&#xFC;r Arbeiter und Angestellte Wien</subfield>
      <subfield code="9">(DE-588)2015235-8</subfield>
    </datafield>
    <datafield ind1=" " ind2=" " tag="SWD">
      <subfield code="k">Kammer f&#xFC;r Arbeiter und Angestellte f&#xFC;r Wien</subfield>
      <subfield code="b">Pressestelle</subfield>
      <subfield code="9">(DE-588)2015235-8</subfield>
    </datafield>
    <datafield ind1=" " ind2=" " tag="SWD">
      <subfield code="k">Arbeiterkammer Wien</subfield>
      <subfield code="9">(DE-588)2015235-8</subfield>
    </datafield>
    <datafield ind1=" " ind2=" " tag="SWD">
      <subfield code="k">Kammer f&#xFC;r Arbeiter und Angestellte in Wien</subfield>
      <subfield code="9">(DE-588)2015235-8</subfield>
    </datafield>
    <datafield ind1=" " ind2=" " tag="SWD">
      <subfield code="k">Arbeiterkammer in Wien</subfield>
      <subfield code="9">(DE-588)2015235-8</subfield>
    </datafield>
    <datafield ind1=" " ind2=" " tag="SWD">
      <subfield code="k">Kammer f&#xFC;r Arbeiter und Angestellte</subfield>
      <subfield code="h">Wien</subfield>
      <subfield code="9">(DE-588)2015235-8</subfield>
    </datafield>
    <datafield ind1=" " ind2=" " tag="SWD">
      <subfield code="k">Palata Truda</subfield>
      <subfield code="h">Wien</subfield>
      <subfield code="9">(DE-588)2015235-8</subfield>
    </datafield>
    <datafield ind1=" " ind2=" " tag="SWD">
      <subfield code="k">Chambers of Labour</subfield>
      <subfield code="9">(DE-588)2015235-8</subfield>
    </datafield>
    <datafield ind1=" " ind2=" " tag="SWD">
      <subfield code="k">Chambres du Travail</subfield>
      <subfield code="9">(DE-588)2015235-8</subfield>
    </datafield>
    <datafield ind1=" " ind2=" " tag="SWD">
      <subfield code="k">AK</subfield>
      <subfield code="9">(DE-588)2015235-8</subfield>
    </datafield>
    <datafield ind1=" " ind2=" " tag="SWD">
      <subfield code="k">AK Wien</subfield>
      <subfield code="9">(DE-588)2015235-8</subfield>
    </datafield>
    <datafield ind1=" " ind2=" " tag="SWD">
      <subfield code="k">Wiener Kammer f&#xFC;r Arbeiter und Angestellte</subfield>
      <subfield code="9">(DE-588)2015235-8</subfield>
    </datafield>
    <datafield ind1=" " ind2=" " tag="SWD">
      <subfield code="k">Wiener Arbeiterkammer</subfield>
      <subfield code="9">(DE-588)2015235-8</subfield>
    </datafield>
    <datafield ind1=" " ind2=" " tag="SWD">
      <subfield code="9">(DE-588)4073178-9</subfield>
    </datafield>
  </record>