
  <record>
    <leader>01135nM2.01000024------h</leader>
    <controlfield tag="LDR">01135nM2.01000024------h</controlfield>
    <controlfield tag="FMT">MH</controlfield>
    <datafield ind1="-" ind2="1" tag="001">
      <subfield code="a">AC03811357</subfield>
    </datafield>
    <controlfield tag="030">z|1dcr|||||37</controlfield>
    <datafield ind1="a" ind2="1" tag="036">
      <subfield code="a">AT</subfield>
    </datafield>
    <datafield ind1="b" ind2="1" tag="037">
      <subfield code="a">ger</subfield>
    </datafield>
    <controlfield tag="050">a|a|||||||||||</controlfield>
    <controlfield tag="051">sk|||||</controlfield>
    <datafield ind1="s" ind2="1" tag="076">
      <subfield code="a">10</subfield>
    </datafield>
    <datafield ind1="b" ind2="1" tag="100">
      <subfield code="a">Angelo, Silvia</subfield>
      <subfield code="b">[Hrsg.]</subfield>
    </datafield>
    <datafield ind1="-" ind2="1" tag="331">
      <subfield code="a">Wirtschaftspolitische Koordination in der Europ&#xE4;ischen W&#xE4;hrungsunion</subfield>
    </datafield>
    <datafield ind1="-" ind2="1" tag="335">
      <subfield code="a">Tagung der Kammer f&#xFC;r Arbeiter und Angestellte f&#xFC;r Wien</subfield>
    </datafield>
    <datafield ind1="-" ind2="1" tag="359">
      <subfield code="a">AK Wien. Silvia Angelo ... (Hrsg.)</subfield>
    </datafield>
    <datafield ind1="-" ind2="1" tag="410">
      <subfield code="a">Wien</subfield>
    </datafield>
    <datafield ind1="-" ind2="1" tag="412">
      <subfield code="a">LexisNexis-Verl. ARD Orac</subfield>
    </datafield>
    <datafield ind1="a" ind2="1" tag="425">
      <subfield code="a">2003</subfield>
    </datafield>
    <datafield ind1="-" ind2="1" tag="433">
      <subfield code="a">138 S.</subfield>
    </datafield>
    <datafield ind1="-" ind2="1" tag="434">
      <subfield code="a">graph. Darst.</subfield>
    </datafield>
    <datafield ind1="-" ind2="1" tag="435">
      <subfield code="a">24 cm</subfield>
    </datafield>
    <datafield ind1="-" ind2="1" tag="451">
      <subfield code="a">Reihe Wirtschaftswissenschaftliche Tagungen der Arbeiterkammer Wien ; 7</subfield>
    </datafield>
    <datafield ind1="r" ind2="1" tag="453">
      <subfield code="a">AC00766881</subfield>
    </datafield>
    <datafield ind1="b" ind2="1" tag="454">
      <subfield code="a">Kammer f&#xFC;r Arbeiter und Angestellte &lt;Wien&gt;: Reihe Wirtschaftswissenschaftliche Tagungen der Arbeiterkammer Wien</subfield>
    </datafield>
    <datafield ind1="-" ind2="1" tag="455">
      <subfield code="a">7</subfield>
    </datafield>
    <datafield ind1="-" ind2="1" tag="456">
      <subfield code="a">7</subfield>
    </datafield>
    <datafield ind1="-" ind2="1" tag="517">
      <subfield code="a">Literaturangaben</subfield>
    </datafield>
    <datafield ind1="a" ind2="1" tag="540">
      <subfield code="a">3-7007-2797-6</subfield>
      <subfield code="b">kart. : EUR 20,- ; sfr 37,70</subfield>
    </datafield>
    <datafield ind1="-" ind2="1" tag="580">
      <subfield code="a">OeB2004,A,04 330</subfield>
    </datafield>
    <datafield ind1="e" ind2="1" tag="655">
      <subfield code="m">V:AT-OBV;B:AT-UBWW</subfield>
      <subfield code="q">text/plain</subfield>
      <subfield code="u">http://media.obvsg.at/AC03811357-1001</subfield>
      <subfield code="x">WUW</subfield>
      <subfield code="3">Inhaltsverzeichnis</subfield>
      <subfield code="A">2</subfield>
    </datafield>
    <datafield ind1="b" ind2="1" tag="700">
      <subfield code="a">338.94</subfield>
      <subfield code="c">22</subfield>
    </datafield>
    <datafield ind1="f" ind2="1" tag="700">
      <subfield code="a">89.73</subfield>
      <subfield code="b">Europapolitik, Europ&#xE4;ische Union</subfield>
      <subfield code="z">Automatisch aus GBV_2011-10 2012-06-12</subfield>
    </datafield>
    <datafield ind1="g" ind2="1" tag="700">
      <subfield code="a">QM 333</subfield>
      <subfield code="O">Automatisch aus BVB_2013-06 2013-05-13</subfield>
    </datafield>
    <datafield ind1="g" ind2="1" tag="700">
      <subfield code="a">QM 430</subfield>
      <subfield code="O">Automatisch aus BVB_2013-06 2013-05-13</subfield>
    </datafield>
    <datafield ind1="a" ind2="1" tag="710">
      <subfield code="a">EU</subfield>
    </datafield>
    <datafield ind1="a" ind2="1" tag="710">
      <subfield code="a">Wirtschaftspolitik</subfield>
    </datafield>
    <datafield ind1="-" ind2="1" tag="SG1">
      <subfield code="a">600</subfield>
    </datafield>
    <datafield ind1="-" ind2="1" tag="902">
      <subfield code="k">Europ&#xE4;ische Union</subfield>
      <subfield code="9">(DE-588)5098525-5</subfield>
    </datafield>
    <datafield ind1="-" ind2="1" tag="902">
      <subfield code="s">W&#xE4;hrungsunion</subfield>
      <subfield code="9">(DE-588)4188829-7</subfield>
    </datafield>
    <datafield ind1="-" ind2="1" tag="902">
      <subfield code="s">Wirtschaftspolitik</subfield>
      <subfield code="9">(DE-588)4066493-4</subfield>
    </datafield>
    <datafield ind1="-" ind2="1" tag="902">
      <subfield code="f">Kongress</subfield>
    </datafield>
    <datafield ind1="-" ind2="1" tag="902">
      <subfield code="g">Wien &lt;2003&gt;</subfield>
    </datafield>
    <controlfield tag="SYS">000283712</controlfield>
    <datafield ind1=" " ind2=" " tag="BKL">
      <subfield code="a">Europapolitik</subfield>
    </datafield>
    <datafield ind1=" " ind2=" " tag="BKL">
      <subfield code="a">Europ&#xE4;ische Union</subfield>
    </datafield>
    <datafield ind1=" " ind2=" " tag="BKL">
      <subfield code="a">political science: international relations: cooperation: Europan politics, European Union</subfield>
    </datafield>
    <datafield ind1=" " ind2=" " tag="BKL">
      <subfield code="a">political science: international relations: cooperation: Europan politics</subfield>
    </datafield>
    <datafield ind1=" " ind2=" " tag="BKL">
      <subfield code="a">political science: international relations: cooperation: European Union</subfield>
    </datafield>
    <datafield ind1=" " ind2=" " tag="BKL">
      <subfield code="a">Europan politics &lt;political science: international relations: cooperation&gt;</subfield>
    </datafield>
    <datafield ind1=" " ind2=" " tag="BKL">
      <subfield code="a">European Union &lt;political science: international relations: cooperation&gt;</subfield>
    </datafield>
    <datafield ind1=" " ind2=" " tag="BKL">
      <subfield code="a">Organisation f&#xFC;r Sicherheit und Zusammenarbeit in Europa</subfield>
    </datafield>
    <datafield ind1=" " ind2=" " tag="SWD">
      <subfield code="s">Volkswirtschaftspolitik</subfield>
      <subfield code="9">(DE-588)4066493-4</subfield>
    </datafield>
    <datafield ind1=" " ind2=" " tag="SWD">
      <subfield code="s">Allgemeine Wirtschaftspolitik</subfield>
      <subfield code="9">(DE-588)4066493-4</subfield>
    </datafield>
    <datafield ind1=" " ind2=" " tag="SWD">
      <subfield code="k">Eur&#x14D;pai&#x34F;&#x308;ke En&#x14D;s&#x113;</subfield>
      <subfield code="9">(DE-588)5098525-5</subfield>
    </datafield>
    <datafield ind1=" " ind2=" " tag="SWD">
      <subfield code="9">(DE-588)4131753-1</subfield>
    </datafield>
    <datafield ind1=" " ind2=" " tag="SWD">
      <subfield code="k">Union europ&#xE9;enne</subfield>
      <subfield code="9">(DE-588)5098525-5</subfield>
    </datafield>
    <datafield ind1=" " ind2=" " tag="SWD">
      <subfield code="k">European Union</subfield>
      <subfield code="9">(DE-588)5098525-5</subfield>
    </datafield>
    <datafield ind1=" " ind2=" " tag="SWD">
      <subfield code="k">Uni&#xF3;n Europea</subfield>
      <subfield code="9">(DE-588)5098525-5</subfield>
    </datafield>
    <datafield ind1=" " ind2=" " tag="SWD">
      <subfield code="k">Europaeiske Union</subfield>
      <subfield code="9">(DE-588)5098525-5</subfield>
    </datafield>
    <datafield ind1=" " ind2=" " tag="SWD">
      <subfield code="k">Union Europea</subfield>
      <subfield code="9">(DE-588)5098525-5</subfield>
    </datafield>
    <datafield ind1=" " ind2=" " tag="SWD">
      <subfield code="k">Unione Europea</subfield>
      <subfield code="9">(DE-588)5098525-5</subfield>
    </datafield>
    <datafield ind1=" " ind2=" " tag="SWD">
      <subfield code="k">Europese Unie</subfield>
      <subfield code="9">(DE-588)5098525-5</subfield>
    </datafield>
    <datafield ind1=" " ind2=" " tag="SWD">
      <subfield code="k">Uni&#xE3;o Europeia</subfield>
      <subfield code="9">(DE-588)5098525-5</subfield>
    </datafield>
    <datafield ind1=" " ind2=" " tag="SWD">
      <subfield code="k">Aontas Eorpach</subfield>
      <subfield code="9">(DE-588)5098525-5</subfield>
    </datafield>
    <datafield ind1=" " ind2=" " tag="SWD">
      <subfield code="k">Europska Unija</subfield>
      <subfield code="9">(DE-588)5098525-5</subfield>
    </datafield>
    <datafield ind1=" " ind2=" " tag="SWD">
      <subfield code="k">Unia Europejska</subfield>
      <subfield code="9">(DE-588)5098525-5</subfield>
    </datafield>
    <datafield ind1=" " ind2=" " tag="SWD">
      <subfield code="k">Europos Sa&#x31C;junga</subfield>
      <subfield code="9">(DE-588)5098525-5</subfield>
    </datafield>
    <datafield ind1=" " ind2=" " tag="SWD">
      <subfield code="k">ES</subfield>
      <subfield code="9">(DE-588)5098525-5</subfield>
    </datafield>
    <datafield ind1=" " ind2=" " tag="SWD">
      <subfield code="k">Eiropas Savien&#x12B;ba</subfield>
      <subfield code="9">(DE-588)5098525-5</subfield>
    </datafield>
    <datafield ind1=" " ind2=" " tag="SWD">
      <subfield code="k">Uni&#xF3; Europea</subfield>
      <subfield code="9">(DE-588)5098525-5</subfield>
    </datafield>
    <datafield ind1=" " ind2=" " tag="SWD">
      <subfield code="k">Evropsk&#xE1; Unie</subfield>
      <subfield code="9">(DE-588)5098525-5</subfield>
    </datafield>
    <datafield ind1=" " ind2=" " tag="SWD">
      <subfield code="k">Avrupa Birli&#x11F;i</subfield>
      <subfield code="9">(DE-588)5098525-5</subfield>
    </datafield>
    <datafield ind1=" " ind2=" " tag="SWD">
      <subfield code="k">Evropejskoe Soob&#x161;&#x10D;estvo</subfield>
      <subfield code="9">(DE-588)5098525-5</subfield>
    </datafield>
    <datafield ind1=" " ind2=" " tag="SWD">
      <subfield code="k">Eur&#xF3;pai Uni&#xF3;</subfield>
      <subfield code="9">(DE-588)5098525-5</subfield>
    </datafield>
    <datafield ind1=" " ind2=" " tag="SWD">
      <subfield code="k">Uniunea European&#x103;</subfield>
      <subfield code="9">(DE-588)5098525-5</subfield>
    </datafield>
    <datafield ind1=" " ind2=" " tag="SWD">
      <subfield code="k">EU</subfield>
      <subfield code="9">(DE-588)5098525-5</subfield>
    </datafield>
    <datafield ind1=" " ind2=" " tag="SWD">
      <subfield code="k">EM</subfield>
      <subfield code="9">(DE-588)5098525-5</subfield>
    </datafield>
    <datafield ind1=" " ind2=" " tag="SWD">
      <subfield code="s">Volkswirtschaftspolitik</subfield>
      <subfield code="9">(DE-588)4066493-4</subfield>
    </datafield>
    <datafield ind1=" " ind2=" " tag="SWD">
      <subfield code="s">Allgemeine Wirtschaftspolitik</subfield>
      <subfield code="9">(DE-588)4066493-4</subfield>
    </datafield>
    <datafield ind1=" " ind2=" " tag="AVA">
      <subfield code="a">AKW50</subfield>
      <subfield code="b">XAW1</subfield>
      <subfield code="c">Hauptmagazin</subfield>
      <subfield code="d">B120277</subfield>
      <subfield code="e">available</subfield>
      <subfield code="t">Verf&#xFC;gbar</subfield>
      <subfield code="f">2</subfield>
      <subfield code="g">0</subfield>
      <subfield code="h">N</subfield>
      <subfield code="i">1</subfield>
      <subfield code="j">MAG1</subfield>
    </datafield>
    <datafield ind1="-" ind2="1" tag="Z30">
      <subfield code="1">XAW1</subfield>
      <subfield code="2">MAG1</subfield>
      <subfield code="3">B120277</subfield>
    </datafield>
    <datafield ind1="-" ind2="1" tag="Z30">
      <subfield code="1">XAW1</subfield>
      <subfield code="2">MAG1</subfield>
      <subfield code="3">B120277</subfield>
    </datafield>
  </record>