
  <record>
    <leader>-----nM2.01200024------h</leader>
    <controlfield tag="LDR">-----nM2.01200024------h</controlfield>
    <controlfield tag="FMT">MH</controlfield>
    <datafield ind1="-" ind2="1" tag="001">
      <subfield code="a">AC03529733</subfield>
    </datafield>
    <controlfield tag="030">z|1dcr|||||37</controlfield>
    <datafield ind1="a" ind2="1" tag="036">
      <subfield code="a">DE</subfield>
    </datafield>
    <datafield ind1="b" ind2="1" tag="037">
      <subfield code="a">ger</subfield>
    </datafield>
    <controlfield tag="050">a|a|||||||||||</controlfield>
    <controlfield tag="051">nz||w||</controlfield>
    <datafield ind1="s" ind2="1" tag="076">
      <subfield code="a">08</subfield>
    </datafield>
    <datafield ind1="b" ind2="1" tag="100">
      <subfield code="p">Wandtke, Artur-Axel</subfield>
      <subfield code="d">1943-</subfield>
      <subfield code="9">(DE-588)109467949</subfield>
      <subfield code="b">[Hrsg.]</subfield>
    </datafield>
    <datafield ind1="b" ind2="1" tag="104">
      <subfield code="p">Block, Ulrich</subfield>
      <subfield code="9">(DE-588)124138691</subfield>
      <subfield code="b">[Bearb.]</subfield>
    </datafield>
    <datafield ind1="-" ind2="1" tag="331">
      <subfield code="a">Praxiskommentar zum Urheberrecht</subfield>
    </datafield>
    <datafield ind1="-" ind2="1" tag="335">
      <subfield code="a">[in 2 B&#xE4;nden]</subfield>
    </datafield>
    <datafield ind1="-" ind2="1" tag="359">
      <subfield code="a">hrsg. von Artur-Axel Wandtke ... Bearb. von Ulrich Block ...</subfield>
    </datafield>
    <datafield ind1="a" ind2="1" tag="370">
      <subfield code="a">UrhR</subfield>
    </datafield>
    <datafield ind1="-" ind2="1" tag="410">
      <subfield code="a">M&#xFC;nchen</subfield>
    </datafield>
    <datafield ind1="-" ind2="1" tag="412">
      <subfield code="a">Beck</subfield>
    </datafield>
    <datafield ind1="a" ind2="1" tag="540">
      <subfield code="a">3-406-49868-X</subfield>
      <subfield code="b">Ln.: &#x20AC; 190.00</subfield>
    </datafield>
    <datafield ind1="g" ind2="1" tag="700">
      <subfield code="a">PE 740</subfield>
    </datafield>
    <datafield ind1="b" ind2="1" tag="710">
      <subfield code="a">Bundesrepublik Deutschland</subfield>
    </datafield>
    <datafield ind1="a" ind2="1" tag="710">
      <subfield code="a">Urheberrecht</subfield>
    </datafield>
    <datafield ind1="f" ind2="1" tag="710">
      <subfield code="a">Gesetzestexte</subfield>
    </datafield>
    <datafield ind1="f" ind2="1" tag="710">
      <subfield code="a">Kommentare</subfield>
    </datafield>
    <datafield ind1="-" ind2="1" tag="SG1">
      <subfield code="a">500</subfield>
    </datafield>
    <datafield ind1="-" ind2="1" tag="902">
      <subfield code="g">Deutschland</subfield>
      <subfield code="9">(DE-588)4011882-4</subfield>
    </datafield>
    <datafield ind1="-" ind2="1" tag="902">
      <subfield code="s">Urheberrecht</subfield>
      <subfield code="9">(DE-588)4062127-3</subfield>
    </datafield>
    <datafield ind1="-" ind2="1" tag="902">
      <subfield code="f">Kommentar</subfield>
    </datafield>
    <controlfield tag="SYS">000285021</controlfield>
    <datafield ind1=" " ind2=" " tag="SWD">
      <subfield code="s">Copyright</subfield>
      <subfield code="9">(DE-588)4062127-3</subfield>
    </datafield>
    <datafield ind1=" " ind2=" " tag="SWD">
      <subfield code="s">Urheberrechtsschutz</subfield>
      <subfield code="9">(DE-588)4062127-3</subfield>
    </datafield>
    <datafield ind1=" " ind2=" " tag="SWD">
      <subfield code="s">Urheberschutz</subfield>
      <subfield code="9">(DE-588)4062127-3</subfield>
    </datafield>
    <datafield ind1=" " ind2=" " tag="SWD">
      <subfield code="s">Copyright</subfield>
      <subfield code="9">(DE-588)4062127-3</subfield>
    </datafield>
    <datafield ind1=" " ind2=" " tag="SWD">
      <subfield code="s">Urheberrechtsschutz</subfield>
      <subfield code="9">(DE-588)4062127-3</subfield>
    </datafield>
    <datafield ind1=" " ind2=" " tag="SWD">
      <subfield code="s">Urheberschutz</subfield>
      <subfield code="9">(DE-588)4062127-3</subfield>
    </datafield>
    <datafield ind1=" " ind2=" " tag="SWD">
      <subfield code="g">Deutsches Reich</subfield>
      <subfield code="9">(DE-588)4011882-4</subfield>
    </datafield>
    <datafield ind1=" " ind2=" " tag="SWD">
      <subfield code="g">Deutsche L&#xE4;nder</subfield>
      <subfield code="9">(DE-588)4011882-4</subfield>
    </datafield>
    <datafield ind1=" " ind2=" " tag="SWD">
      <subfield code="g">Sacrum Romanum Imperium</subfield>
      <subfield code="9">(DE-588)4011882-4</subfield>
    </datafield>
    <datafield ind1=" " ind2=" " tag="SWD">
      <subfield code="g">R&#xF6;misch-Deutsches Reich</subfield>
      <subfield code="9">(DE-588)4011882-4</subfield>
    </datafield>
    <datafield ind1=" " ind2=" " tag="SWD">
      <subfield code="g">Deutschland</subfield>
      <subfield code="h">Gebiet unter Alliierter Besatzung</subfield>
      <subfield code="9">(DE-588)4011882-4</subfield>
    </datafield>
    <datafield ind1=" " ind2=" " tag="SWD">
      <subfield code="g">Deutschland</subfield>
      <subfield code="h">Bundesrepublik, 1990-</subfield>
      <subfield code="9">(DE-588)4011882-4</subfield>
    </datafield>
    <datafield ind1=" " ind2=" " tag="SWD">
      <subfield code="g">BRD</subfield>
      <subfield code="h">1990-</subfield>
      <subfield code="9">(DE-588)4011882-4</subfield>
    </datafield>
    <datafield ind1=" " ind2=" " tag="SWD">
      <subfield code="g">Heiliges R&#xF6;misches Reich deutscher Nation</subfield>
      <subfield code="9">(DE-588)4011882-4</subfield>
    </datafield>
    <datafield ind1=" " ind2=" " tag="SWD">
      <subfield code="g">Germany</subfield>
      <subfield code="h">Deutschland</subfield>
      <subfield code="9">(DE-588)4011882-4</subfield>
    </datafield>
    <datafield ind1=" " ind2=" " tag="SWD">
      <subfield code="g">Deutsches Reich</subfield>
      <subfield code="9">(DE-588)4011882-4</subfield>
    </datafield>
    <datafield ind1=" " ind2=" " tag="SWD">
      <subfield code="g">Deutsche L&#xE4;nder</subfield>
      <subfield code="9">(DE-588)4011882-4</subfield>
    </datafield>
    <datafield ind1=" " ind2=" " tag="SWD">
      <subfield code="g">Sacrum Romanum Imperium</subfield>
      <subfield code="9">(DE-588)4011882-4</subfield>
    </datafield>
    <datafield ind1=" " ind2=" " tag="SWD">
      <subfield code="g">R&#xF6;misch-Deutsches Reich</subfield>
      <subfield code="9">(DE-588)4011882-4</subfield>
    </datafield>
    <datafield ind1=" " ind2=" " tag="SWD">
      <subfield code="g">Deutschland</subfield>
      <subfield code="h">Gebiet unter Alliierter Besatzung</subfield>
      <subfield code="9">(DE-588)4011882-4</subfield>
    </datafield>
    <datafield ind1=" " ind2=" " tag="SWD">
      <subfield code="g">Deutschland</subfield>
      <subfield code="h">Bundesrepublik, 1990-</subfield>
      <subfield code="9">(DE-588)4011882-4</subfield>
    </datafield>
    <datafield ind1=" " ind2=" " tag="SWD">
      <subfield code="g">BRD</subfield>
      <subfield code="h">1990-</subfield>
      <subfield code="9">(DE-588)4011882-4</subfield>
    </datafield>
    <datafield ind1=" " ind2=" " tag="SWD">
      <subfield code="g">Heiliges R&#xF6;misches Reich deutscher Nation</subfield>
      <subfield code="9">(DE-588)4011882-4</subfield>
    </datafield>
    <datafield ind1=" " ind2=" " tag="SWD">
      <subfield code="g">Germany</subfield>
      <subfield code="h">Deutschland</subfield>
      <subfield code="9">(DE-588)4011882-4</subfield>
    </datafield>
    <datafield ind1=" " ind2=" " tag="PER">
      <subfield code="9">(DE-588)172655811</subfield>
    </datafield>
    <datafield ind1=" " ind2=" " tag="PER">
      <subfield code="9">(DE-588)160048451</subfield>
    </datafield>
    <datafield ind1=" " ind2=" " tag="PER">
      <subfield code="p">Wandtke, Arthur-Axel</subfield>
      <subfield code="d">1943-</subfield>
      <subfield code="9">(DE-588)109467949</subfield>
    </datafield>
    <datafield ind1=" " ind2=" " tag="PER">
      <subfield code="p">Wandtke, Artur</subfield>
      <subfield code="d">1943-</subfield>
      <subfield code="9">(DE-588)109467949</subfield>
    </datafield>
    <datafield ind1=" " ind2=" " tag="PER">
      <subfield code="9">(DE-588)172655811</subfield>
    </datafield>
    <datafield ind1=" " ind2=" " tag="PER">
      <subfield code="9">(DE-588)160048451</subfield>
    </datafield>
    <datafield ind1=" " ind2=" " tag="PER">
      <subfield code="p">Wandtke, Arthur-Axel</subfield>
      <subfield code="d">1943-</subfield>
      <subfield code="9">(DE-588)109467949</subfield>
    </datafield>
    <datafield ind1=" " ind2=" " tag="PER">
      <subfield code="p">Wandtke, Artur</subfield>
      <subfield code="d">1943-</subfield>
      <subfield code="9">(DE-588)109467949</subfield>
    </datafield>
  </record>