
  <record>
    <leader>00501pM2.01200024------u</leader>
    <controlfield tag="LDR">00501pM2.01200024------u</controlfield>
    <controlfield tag="FMT">MU</controlfield>
    <datafield ind1="-" ind2="1" tag="001">
      <subfield code="a">AC03376485</subfield>
    </datafield>
    <datafield ind1="-" ind2="2" tag="001">
      <subfield code="a">AC03529733</subfield>
    </datafield>
    <datafield ind1="b" ind2="1" tag="002">
      <subfield code="a">20020313</subfield>
    </datafield>
    <datafield ind1="-" ind2="1" tag="010">
      <subfield code="a">AC03529733</subfield>
    </datafield>
    <controlfield tag="030">f|1daz|z|||||</controlfield>
    <datafield ind1="a" ind2="2" tag="036">
      <subfield code="a">DE</subfield>
    </datafield>
    <datafield ind1="b" ind2="2" tag="037">
      <subfield code="a">ger</subfield>
    </datafield>
    <controlfield tag="050">a|a|||||||||||</controlfield>
    <controlfield tag="051">n|||||||</controlfield>
    <datafield ind1="a" ind2="1" tag="070">
      <subfield code="a">292</subfield>
    </datafield>
    <datafield ind1="s" ind2="1" tag="076">
      <subfield code="a">08</subfield>
    </datafield>
    <datafield ind1="s" ind2="2" tag="076">
      <subfield code="a">08</subfield>
    </datafield>
    <datafield ind1="-" ind2="1" tag="089">
      <subfield code="a">[Hauptbd.]</subfield>
    </datafield>
    <datafield ind1="-" ind2="1" tag="090">
      <subfield code="a">A</subfield>
    </datafield>
    <datafield ind1="b" ind2="2" tag="100">
      <subfield code="p">Wandtke, Artur-Axel</subfield>
      <subfield code="d">1943-</subfield>
      <subfield code="9">(DE-588)109467949</subfield>
      <subfield code="b">[Hrsg.]</subfield>
    </datafield>
    <datafield ind1="b" ind2="2" tag="104">
      <subfield code="p">Block, Ulrich</subfield>
      <subfield code="9">(DE-588)124138691</subfield>
      <subfield code="b">[Bearb.]</subfield>
    </datafield>
    <datafield ind1="-" ind2="2" tag="331">
      <subfield code="a">Praxiskommentar zum Urheberrecht</subfield>
    </datafield>
    <datafield ind1="-" ind2="2" tag="335">
      <subfield code="a">[in 2 B&#xE4;nden]</subfield>
    </datafield>
    <datafield ind1="-" ind2="2" tag="359">
      <subfield code="a">hrsg. von Artur-Axel Wandtke ... Bearb. von Ulrich Block ...</subfield>
    </datafield>
    <datafield ind1="a" ind2="2" tag="370">
      <subfield code="a">UrhR</subfield>
    </datafield>
    <datafield ind1="-" ind2="2" tag="410">
      <subfield code="a">M&#xFC;nchen</subfield>
    </datafield>
    <datafield ind1="-" ind2="2" tag="412">
      <subfield code="a">Beck</subfield>
    </datafield>
    <datafield ind1="a" ind2="1" tag="425">
      <subfield code="a">2002</subfield>
    </datafield>
    <datafield ind1="-" ind2="1" tag="433">
      <subfield code="a">XXIV, 1596 S.</subfield>
    </datafield>
    <datafield ind1="-" ind2="1" tag="435">
      <subfield code="a">25 cm</subfield>
    </datafield>
    <datafield ind1="-" ind2="1" tag="517">
      <subfield code="a">Literaturverz. S. XIX - [XX[. - Literaturangaben</subfield>
    </datafield>
    <datafield ind1="a" ind2="1" tag="540">
      <subfield code="a">3-406-48400-X</subfield>
      <subfield code="b">Ln.: &#x20AC; 158.00</subfield>
    </datafield>
    <datafield ind1="a" ind2="2" tag="540">
      <subfield code="a">3-406-49868-X</subfield>
      <subfield code="b">Ln.: &#x20AC; 190.00</subfield>
    </datafield>
    <datafield ind1="f" ind2="1" tag="700">
      <subfield code="a">86.28</subfield>
      <subfield code="b">Gewerblicher Rechtsschutz, Verlagsrecht</subfield>
      <subfield code="O">Automatisch generiert aus Konkordanz RVK-BK-Recht</subfield>
    </datafield>
    <datafield ind1="g" ind2="1" tag="700">
      <subfield code="a">PE 740</subfield>
      <subfield code="O">Automatisch aus BVB_2012-06 2013-05-29</subfield>
    </datafield>
    <datafield ind1="g" ind2="2" tag="700">
      <subfield code="a">PE 740</subfield>
    </datafield>
    <datafield ind1="b" ind2="2" tag="710">
      <subfield code="a">Bundesrepublik Deutschland</subfield>
    </datafield>
    <datafield ind1="a" ind2="2" tag="710">
      <subfield code="a">Urheberrecht</subfield>
    </datafield>
    <datafield ind1="f" ind2="2" tag="710">
      <subfield code="a">Gesetzestexte</subfield>
    </datafield>
    <datafield ind1="f" ind2="2" tag="710">
      <subfield code="a">Kommentare</subfield>
    </datafield>
    <datafield ind1="-" ind2="2" tag="SG1">
      <subfield code="a">500</subfield>
    </datafield>
    <datafield ind1="-" ind2="2" tag="902">
      <subfield code="g">Deutschland</subfield>
      <subfield code="9">(DE-588)4011882-4</subfield>
    </datafield>
    <datafield ind1="-" ind2="2" tag="902">
      <subfield code="s">Urheberrecht</subfield>
      <subfield code="9">(DE-588)4062127-3</subfield>
    </datafield>
    <datafield ind1="-" ind2="2" tag="902">
      <subfield code="f">Kommentar</subfield>
    </datafield>
    <controlfield tag="SYS">000285022</controlfield>
    <datafield ind1=" " ind2=" " tag="BKL">
      <subfield code="a">Gewerblicher Rechtsschutz</subfield>
    </datafield>
    <datafield ind1=" " ind2=" " tag="BKL">
      <subfield code="a">Verlagsrecht</subfield>
    </datafield>
    <datafield ind1=" " ind2=" " tag="BKL">
      <subfield code="a">private law: intellectual property law, copyright</subfield>
    </datafield>
    <datafield ind1=" " ind2=" " tag="BKL">
      <subfield code="a">private law: intellectual property law</subfield>
    </datafield>
    <datafield ind1=" " ind2=" " tag="BKL">
      <subfield code="a">private law: copyright</subfield>
    </datafield>
    <datafield ind1=" " ind2=" " tag="BKL">
      <subfield code="a">intellectual property law &lt;private law&gt;</subfield>
    </datafield>
    <datafield ind1=" " ind2=" " tag="BKL">
      <subfield code="a">copyright &lt;private law&gt;</subfield>
    </datafield>
    <datafield ind1=" " ind2=" " tag="BKL">
      <subfield code="a">Urheberrecht</subfield>
    </datafield>
    <datafield ind1=" " ind2=" " tag="BKL">
      <subfield code="a">Patentrecht</subfield>
    </datafield>
    <datafield ind1=" " ind2=" " tag="BKL">
      <subfield code="a">Patentgerichtsbarkeit</subfield>
    </datafield>
    <datafield ind1=" " ind2=" " tag="AVA">
      <subfield code="a">AKW50</subfield>
      <subfield code="b">XAW1</subfield>
      <subfield code="d">C52975/Hptbd.</subfield>
      <subfield code="e">available</subfield>
      <subfield code="t">Verf&#xFC;gbar</subfield>
      <subfield code="f">1</subfield>
      <subfield code="g">0</subfield>
      <subfield code="h">N</subfield>
      <subfield code="i">0</subfield>
      <subfield code="j">17273</subfield>
    </datafield>
    <datafield ind1="-" ind2="1" tag="Z30">
      <subfield code="1">XAW1</subfield>
      <subfield code="2">17273</subfield>
      <subfield code="3">C52975/Hptbd.</subfield>
      <subfield code="9">ABT.RS.17273</subfield>
      <subfield code="g">2886</subfield>
    </datafield>
  </record>