
  <record>
    <leader>00501pM2.01200024------u</leader>
    <controlfield tag="LDR">00501pM2.01200024------u</controlfield>
    <controlfield tag="FMT">MU</controlfield>
    <datafield ind1="-" ind2="1" tag="001">
      <subfield code="a">AC03529795</subfield>
    </datafield>
    <datafield ind1="-" ind2="2" tag="001">
      <subfield code="a">AC03529733</subfield>
    </datafield>
    <datafield ind1="-" ind2="1" tag="010">
      <subfield code="a">AC03529733</subfield>
    </datafield>
    <controlfield tag="030">f|1daz|z|||||</controlfield>
    <datafield ind1="a" ind2="2" tag="036">
      <subfield code="a">DE</subfield>
    </datafield>
    <datafield ind1="b" ind2="2" tag="037">
      <subfield code="a">ger</subfield>
    </datafield>
    <controlfield tag="050">a|a|||||||||||</controlfield>
    <controlfield tag="051">n|||||||</controlfield>
    <datafield ind1="s" ind2="1" tag="076">
      <subfield code="a">08</subfield>
    </datafield>
    <datafield ind1="s" ind2="2" tag="076">
      <subfield code="a">08</subfield>
    </datafield>
    <datafield ind1="-" ind2="1" tag="089">
      <subfield code="a">[Erg.-Bd.]</subfield>
    </datafield>
    <datafield ind1="-" ind2="1" tag="090">
      <subfield code="a">E</subfield>
    </datafield>
    <datafield ind1="b" ind2="2" tag="100">
      <subfield code="p">Wandtke, Artur-Axel</subfield>
      <subfield code="d">1943-</subfield>
      <subfield code="9">(DE-588)109467949</subfield>
      <subfield code="b">[Hrsg.]</subfield>
    </datafield>
    <datafield ind1="b" ind2="2" tag="104">
      <subfield code="p">Block, Ulrich</subfield>
      <subfield code="9">(DE-588)124138691</subfield>
      <subfield code="b">[Bearb.]</subfield>
    </datafield>
    <datafield ind1="-" ind2="1" tag="331">
      <subfield code="a">Gesetz zur Regelung des Urheberrechts in der Informationsgesellschaft</subfield>
    </datafield>
    <datafield ind1="-" ind2="2" tag="331">
      <subfield code="a">Praxiskommentar zum Urheberrecht</subfield>
    </datafield>
    <datafield ind1="-" ind2="2" tag="335">
      <subfield code="a">[in 2 B&#xE4;nden]</subfield>
    </datafield>
    <datafield ind1="-" ind2="2" tag="359">
      <subfield code="a">hrsg. von Artur-Axel Wandtke ... Bearb. von Ulrich Block ...</subfield>
    </datafield>
    <datafield ind1="a" ind2="2" tag="370">
      <subfield code="a">UrhR</subfield>
    </datafield>
    <datafield ind1="-" ind2="2" tag="410">
      <subfield code="a">M&#xFC;nchen</subfield>
    </datafield>
    <datafield ind1="-" ind2="2" tag="412">
      <subfield code="a">Beck</subfield>
    </datafield>
    <datafield ind1="a" ind2="1" tag="425">
      <subfield code="a">2003</subfield>
    </datafield>
    <datafield ind1="-" ind2="1" tag="433">
      <subfield code="a">XIX, 310 S.</subfield>
    </datafield>
    <datafield ind1="-" ind2="1" tag="517">
      <subfield code="a">Literaturverz. S. XIII</subfield>
    </datafield>
    <datafield ind1="a" ind2="1" tag="540">
      <subfield code="a">978-3-406-49703-2</subfield>
      <subfield code="b">(Ausg. nach 2007)</subfield>
    </datafield>
    <datafield ind1="a" ind2="1" tag="540">
      <subfield code="a">3-406-49703-9</subfield>
      <subfield code="b">Ln.: &#x20AC; 32.00</subfield>
    </datafield>
    <datafield ind1="a" ind2="2" tag="540">
      <subfield code="a">3-406-49868-X</subfield>
      <subfield code="b">Ln.: &#x20AC; 190.00</subfield>
    </datafield>
    <datafield ind1="g" ind2="1" tag="700">
      <subfield code="a">PE 740</subfield>
    </datafield>
    <datafield ind1="g" ind2="2" tag="700">
      <subfield code="a">PE 740</subfield>
    </datafield>
    <datafield ind1="b" ind2="1" tag="710">
      <subfield code="a">Bundesrepublik Deutschland</subfield>
    </datafield>
    <datafield ind1="a" ind2="1" tag="710">
      <subfield code="a">Urheberrecht</subfield>
    </datafield>
    <datafield ind1="f" ind2="1" tag="710">
      <subfield code="a">Gesetzestexte</subfield>
    </datafield>
    <datafield ind1="f" ind2="1" tag="710">
      <subfield code="a">Kommentare</subfield>
    </datafield>
    <datafield ind1="b" ind2="2" tag="710">
      <subfield code="a">Bundesrepublik Deutschland</subfield>
    </datafield>
    <datafield ind1="a" ind2="2" tag="710">
      <subfield code="a">Urheberrecht</subfield>
    </datafield>
    <datafield ind1="f" ind2="2" tag="710">
      <subfield code="a">Gesetzestexte</subfield>
    </datafield>
    <datafield ind1="f" ind2="2" tag="710">
      <subfield code="a">Kommentare</subfield>
    </datafield>
    <datafield ind1="-" ind2="1" tag="SG1">
      <subfield code="a">500</subfield>
    </datafield>
    <datafield ind1="-" ind2="2" tag="SG1">
      <subfield code="a">500</subfield>
    </datafield>
    <datafield ind1="-" ind2="2" tag="902">
      <subfield code="g">Deutschland</subfield>
      <subfield code="9">(DE-588)4011882-4</subfield>
    </datafield>
    <datafield ind1="-" ind2="2" tag="902">
      <subfield code="s">Urheberrecht</subfield>
      <subfield code="9">(DE-588)4062127-3</subfield>
    </datafield>
    <datafield ind1="-" ind2="2" tag="902">
      <subfield code="f">Kommentar</subfield>
    </datafield>
    <controlfield tag="SYS">000285023</controlfield>
    <datafield ind1=" " ind2=" " tag="AVA">
      <subfield code="a">AKW50</subfield>
      <subfield code="b">XAW1</subfield>
      <subfield code="c">ABT.RS.17273</subfield>
      <subfield code="d">C52975/Ergbd</subfield>
      <subfield code="e">available</subfield>
      <subfield code="t">Verf&#xFC;gbar</subfield>
      <subfield code="f">1</subfield>
      <subfield code="g">0</subfield>
      <subfield code="h">N</subfield>
      <subfield code="i">0</subfield>
      <subfield code="j">17273</subfield>
    </datafield>
    <datafield ind1="-" ind2="1" tag="Z30">
      <subfield code="1">XAW1</subfield>
      <subfield code="2">17273</subfield>
      <subfield code="3">C52975/Ergbd</subfield>
      <subfield code="9">ABT.RS.17273</subfield>
      <subfield code="g">2887</subfield>
    </datafield>
  </record>
  <record>
    <leader>00550nM2.01200024------u</leader>
    <controlfield tag="LDR">00550nM2.01200024------u</controlfield>
    <controlfield tag="FMT">MU</controlfield>
    <datafield ind1="-" ind2="1" tag="001">
      <subfield code="a">AC03926632</subfield>
    </datafield>
    <datafield ind1="-" ind2="2" tag="001">
      <subfield code="a">AC00470658</subfield>
    </datafield>
    <datafield ind1="b" ind2="1" tag="002">
      <subfield code="a">20031211</subfield>
    </datafield>
    <datafield ind1="-" ind2="1" tag="010">
      <subfield code="a">AC00470658</subfield>
    </datafield>
    <datafield ind1="z" ind2="2" tag="025">
      <subfield code="a">ZDB-4263-8</subfield>
    </datafield>
    <controlfield tag="030">u|1dkz|z|||||</controlfield>
    <datafield ind1="a" ind2="1" tag="036">
      <subfield code="a">GB</subfield>
    </datafield>
    <datafield ind1="a" ind2="2" tag="036">
      <subfield code="a">GB</subfield>
      <subfield code="a">US</subfield>
    </datafield>
    <datafield ind1="b" ind2="1" tag="037">
      <subfield code="a">eng</subfield>
    </datafield>
    <datafield ind1="b" ind2="2" tag="037">
      <subfield code="a">eng</subfield>
    </datafield>
    <controlfield tag="050">a|a|||||||||||</controlfield>
    <controlfield tag="051">m|||||||</controlfield>
    <datafield ind1="a" ind2="1" tag="070">
      <subfield code="a">292</subfield>
    </datafield>
    <datafield ind1="s" ind2="1" tag="076">
      <subfield code="a">11</subfield>
    </datafield>
    <datafield ind1="b" ind2="2" tag="086">
      <subfield code="a">B43158</subfield>
    </datafield>
    <datafield ind1="c" ind2="2" tag="086">
      <subfield code="a">PerLM</subfield>
    </datafield>
    <datafield ind1="-" ind2="1" tag="089">
      <subfield code="a">2004</subfield>
    </datafield>
    <datafield ind1="i" ind2="1" tag="090">
      <subfield code="a">2004</subfield>
    </datafield>
    <datafield ind1="-" ind2="1" tag="090">
      <subfield code="a">2004</subfield>
    </datafield>
    <datafield ind1="-" ind2="1" tag="331">
      <subfield code="a">&lt;&lt;The&gt;&gt; new imperial challenge</subfield>
    </datafield>
    <datafield ind1="-" ind2="2" tag="331">
      <subfield code="a">Socialist register</subfield>
    </datafield>
    <datafield ind1="a" ind2="2" tag="370">
      <subfield code="a">&lt;&lt;The&gt;&gt; socialist register</subfield>
    </datafield>
    <datafield ind1="-" ind2="2" tag="405">
      <subfield code="a">1.1964 -</subfield>
    </datafield>
    <datafield ind1="-" ind2="2" tag="410">
      <subfield code="a">London</subfield>
    </datafield>
    <datafield ind1="-" ind2="2" tag="412">
      <subfield code="a">Merlin Press</subfield>
    </datafield>
    <datafield ind1="-" ind2="2" tag="415">
      <subfield code="a">New York, NY</subfield>
    </datafield>
    <datafield ind1="-" ind2="2" tag="417">
      <subfield code="a">Monthly Review Press</subfield>
    </datafield>
    <datafield ind1="-" ind2="2" tag="418">
      <subfield code="a">Halifax</subfield>
      <subfield code="g">Fernwood Publ.</subfield>
    </datafield>
    <datafield ind1="-" ind2="2" tag="418">
      <subfield code="a">Rendlesham</subfield>
      <subfield code="g">Merlin Press</subfield>
      <subfield code="h">-1999</subfield>
    </datafield>
    <datafield ind1="-" ind2="2" tag="418">
      <subfield code="a">Atlantic Highlands, NJ</subfield>
      <subfield code="g">Humanities Press</subfield>
      <subfield code="h">-1999</subfield>
    </datafield>
    <datafield ind1="a" ind2="1" tag="425">
      <subfield code="a">2003</subfield>
    </datafield>
    <datafield ind1="b" ind2="2" tag="425">
      <subfield code="a">1964</subfield>
    </datafield>
    <datafield ind1="-" ind2="1" tag="433">
      <subfield code="a">X, 280 S.</subfield>
    </datafield>
    <datafield ind1="-" ind2="1" tag="435">
      <subfield code="a">24cm</subfield>
    </datafield>
    <datafield ind1="-" ind2="1" tag="455">
      <subfield code="a">2004</subfield>
    </datafield>
    <datafield ind1="-" ind2="1" tag="456">
      <subfield code="a">2004</subfield>
    </datafield>
    <datafield ind1="-" ind2="2" tag="507">
      <subfield code="a">Hauptsacht. bis 1984: The socialist register</subfield>
    </datafield>
    <datafield ind1="-" ind2="2" tag="523">
      <subfield code="a">Teils ohne Z&#xE4;hlung; ab 27.1991 Schriftenreihe</subfield>
    </datafield>
    <datafield ind1="z" ind2="2" tag="527">
      <subfield code="p">Online-Ausg. ---&gt;</subfield>
      <subfield code="a">Socialist register</subfield>
      <subfield code="9">2441683-6</subfield>
    </datafield>
    <datafield ind1="a" ind2="1" tag="540">
      <subfield code="a">0-85036-534-1</subfield>
    </datafield>
    <datafield ind1="a" ind2="1" tag="540">
      <subfield code="a">0-85036-535-X</subfield>
      <subfield code="b">(pbk.) : &#xA3;14.95</subfield>
    </datafield>
    <datafield ind1="z" ind2="1" tag="540">
      <subfield code="b">: &#xA3;30.00 : CIP entry (Oct.)</subfield>
    </datafield>
    <datafield ind1="a" ind2="2" tag="542">
      <subfield code="a">0081-0606</subfield>
    </datafield>
    <datafield ind1="x" ind2="2" tag="700">
      <subfield code="a">335 Sozialismus und verwandte Systeme</subfield>
      <subfield code="c">22</subfield>
    </datafield>
    <datafield ind1="b" ind2="1" tag="700">
      <subfield code="a">325.32</subfield>
      <subfield code="c">21</subfield>
    </datafield>
    <datafield ind1="z" ind2="2" tag="700">
      <subfield code="a">695</subfield>
    </datafield>
    <datafield ind1="a" ind2="1" tag="710">
      <subfield code="a">Imperialismus</subfield>
    </datafield>
    <datafield ind1="a" ind2="1" tag="710">
      <subfield code="a">Globalisierung</subfield>
    </datafield>
    <datafield ind1="a" ind2="1" tag="710">
      <subfield code="a">NGO</subfield>
    </datafield>
    <datafield ind1="f" ind2="1" tag="710">
      <subfield code="a">Aufs&#xE4;tze</subfield>
    </datafield>
    <datafield ind1="-" ind2="1" tag="SG1">
      <subfield code="a">200</subfield>
    </datafield>
    <datafield ind1="-" ind2="2" tag="SG1">
      <subfield code="a">200</subfield>
    </datafield>
    <datafield ind1="s" ind2="1" tag="740">
      <subfield code="a">Imperialism</subfield>
    </datafield>
    <datafield ind1="s" ind2="1" tag="740">
      <subfield code="a">World politics</subfield>
      <subfield code="y">1989-</subfield>
    </datafield>
    <datafield ind1="s" ind2="1" tag="740">
      <subfield code="a">International economic relations</subfield>
    </datafield>
    <datafield ind1="-" ind2="2" tag="902">
      <subfield code="s">Soziologie</subfield>
      <subfield code="9">(DE-588)4077624-4</subfield>
    </datafield>
    <datafield ind1="-" ind2="2" tag="902">
      <subfield code="f">Aufsatzsammlung</subfield>
    </datafield>
    <datafield ind1="-" ind2="2" tag="907">
      <subfield code="s">Marxismus</subfield>
      <subfield code="9">(DE-588)4037764-7</subfield>
    </datafield>
    <datafield ind1="-" ind2="2" tag="907">
      <subfield code="f">Aufsatzsammlung</subfield>
    </datafield>
    <datafield ind1="-" ind2="2" tag="912">
      <subfield code="s">Sozialismus</subfield>
      <subfield code="9">(DE-588)4055785-6</subfield>
    </datafield>
    <datafield ind1="-" ind2="2" tag="912">
      <subfield code="f">Aufsatzsammlung</subfield>
    </datafield>
    <controlfield tag="SYS">000285820</controlfield>
    <datafield ind1=" " ind2=" " tag="AVA">
      <subfield code="a">AKW50</subfield>
      <subfield code="b">XAW1</subfield>
      <subfield code="c">Fortsetzungsmagazin</subfield>
      <subfield code="d">B43158/2004</subfield>
      <subfield code="e">available</subfield>
      <subfield code="t">Verf&#xFC;gbar</subfield>
      <subfield code="f">2</subfield>
      <subfield code="g">0</subfield>
      <subfield code="h">Y</subfield>
      <subfield code="i">2</subfield>
      <subfield code="j">MAG3</subfield>
    </datafield>
    <datafield ind1="-" ind2="2" tag="Z30">
      <subfield code="1">XAW1</subfield>
      <subfield code="2">MAG3</subfield>
      <subfield code="3">B43158/2004</subfield>
      <subfield code="b">2004</subfield>
      <subfield code="g">3467</subfield>
      <subfield code="h">2004</subfield>
    </datafield>
    <datafield ind1="-" ind2="2" tag="Z30">
      <subfield code="1">XAW1</subfield>
      <subfield code="2">MAG3</subfield>
      <subfield code="3">B43158/2004</subfield>
      <subfield code="b">2004</subfield>
      <subfield code="g">14508</subfield>
      <subfield code="h">2004</subfield>
      <subfield code="i">20061005</subfield>
    </datafield>
  </record>