
  <record>
    <leader>00501nM2.01000024------h</leader>
    <controlfield tag="LDR">00501nM2.01000024------h</controlfield>
    <controlfield tag="FMT">MH</controlfield>
    <datafield ind1="-" ind2="1" tag="001">
      <subfield code="a">AC02467418</subfield>
    </datafield>
    <datafield ind1="z" ind2="1" tag="025">
      <subfield code="a">ZDB-1198382-6</subfield>
    </datafield>
    <controlfield tag="030">z|1dcr|||||37</controlfield>
    <datafield ind1="a" ind2="1" tag="036">
      <subfield code="a">AT</subfield>
      <subfield code="a">AA</subfield>
    </datafield>
    <datafield ind1="b" ind2="1" tag="037">
      <subfield code="a">ger</subfield>
    </datafield>
    <controlfield tag="050">a|ac||||||||||</controlfield>
    <controlfield tag="052">z||||||t|||||||</controlfield>
    <controlfield tag="057">uuuu|||uuuu</controlfield>
    <datafield ind1="a" ind2="1" tag="076">
      <subfield code="a">UBW50</subfield>
    </datafield>
    <datafield ind1="s" ind2="1" tag="076">
      <subfield code="a">01</subfield>
    </datafield>
    <datafield ind1="b" ind2="1" tag="086">
      <subfield code="a">D22403</subfield>
    </datafield>
    <datafield ind1="c" ind2="1" tag="086">
      <subfield code="a">ZSabg.</subfield>
    </datafield>
    <datafield ind1="b" ind2="1" tag="100">
      <subfield code="p">Friedl&#xE4;nder, Max H.</subfield>
      <subfield code="9">(DE-588)101735804</subfield>
    </datafield>
    <datafield ind1="b" ind2="1" tag="104">
      <subfield code="p">Ettinger, Michael</subfield>
      <subfield code="d">1827-1879</subfield>
      <subfield code="9">(DE-588)116585323</subfield>
    </datafield>
    <datafield ind1="b" ind2="1" tag="108">
      <subfield code="p">Benedikt, Moriz</subfield>
      <subfield code="d">1849-1920</subfield>
      <subfield code="9">(DE-588)118137948</subfield>
    </datafield>
    <datafield ind1="b" ind2="1" tag="112">
      <subfield code="p">Sternberg, Julian</subfield>
      <subfield code="9">(DE-588)117232912</subfield>
    </datafield>
    <datafield ind1="b" ind2="1" tag="116">
      <subfield code="p">Hermann, Karl</subfield>
      <subfield code="9">(DE-588)101192673</subfield>
    </datafield>
    <datafield ind1="-" ind2="1" tag="331">
      <subfield code="a">Neue freie Presse &lt;Wien, 1864 - 1939&gt;</subfield>
    </datafield>
    <datafield ind1="a" ind2="1" tag="370">
      <subfield code="a">Reisezeitung</subfield>
    </datafield>
    <datafield ind1="a" ind2="1" tag="370">
      <subfield code="a">Internationale Ausstellungszeitung</subfield>
    </datafield>
    <datafield ind1="a" ind2="1" tag="370">
      <subfield code="a">Neue freie Presse</subfield>
    </datafield>
    <datafield ind1="a" ind2="1" tag="370">
      <subfield code="a">Neue freie Presse &lt;Wien, 1864 - 1939&gt; / Beilage</subfield>
    </datafield>
    <datafield ind1="a" ind2="1" tag="370">
      <subfield code="a">Neue freie Presse &lt;Wien, 1864 - 1939&gt; / Jugendbeilage</subfield>
    </datafield>
    <datafield ind1="-" ind2="1" tag="405">
      <subfield code="a">1864,1.Sept. - 1938,30.Sept. = Nr. 1-26601; 1938,1.Okt. - 1939,31.Jan. = Nr. 26602-26723</subfield>
    </datafield>
    <datafield ind1="-" ind2="1" tag="410">
      <subfield code="a">Wien</subfield>
    </datafield>
    <datafield ind1="-" ind2="1" tag="412">
      <subfield code="a">Oesterr. Journal A.G.</subfield>
    </datafield>
    <datafield ind1="-" ind2="1" tag="418">
      <subfield code="a">Wien</subfield>
      <subfield code="g">Neue Freie Presse</subfield>
      <subfield code="h">anfangs</subfield>
    </datafield>
    <datafield ind1="b" ind2="1" tag="425">
      <subfield code="a">1864</subfield>
    </datafield>
    <datafield ind1="c" ind2="1" tag="425">
      <subfield code="a">1939</subfield>
    </datafield>
    <datafield ind1="-" ind2="1" tag="509">
      <subfield code="a">Begr.: Max Friedl&#xE4;nder; Michael Etienne. - Herausgeber ab 12.Nov.1918: Moriz Benedikt; ab 19.M&#xE4;rz 1930: Ernst Benedikt; 29.Mai 1934 - 18.Juni 1938: Oesterr. Journal A.G. - Redakteur 12.Nov.1918 - 18.M&#xE4;rz 1938,1.Ausg.: Julian Sternberg. - Drucker: Druckerei der Neuen Freien Presse, bis 30.Sept.1922 verantw.: Carl Hermann; ab 1.Okt.1922: Oesterr. Jurnal A.G.</subfield>
    </datafield>
    <datafield ind1="-" ind2="1" tag="523">
      <subfield code="a">Erscheinungsweise: 12 x w&#xF6;chentlich (anfangs: Mo als Nachmittagsblatt, Di-Sa als 1.Ausg. morgens u. 2.Ausg.=Abendblatt, So als Morgenblatt; ab 28.Jan.1924: Di-Sa als 1.Ausg., Mo-Sa als 2.Ausg.=Abendblatt, So als Morgenblatt; ab 25.Sept.1933: Mo als Montagsausgabe, Di-Sa als 1.Ausg. u. 2.Ausg.=Abendblatt, So als Morgenblatt); ab 1.Sept.1936 18 x w&#xF6;chentlich (Mo 1.Ausg. u. 2.Ausg. als Montagausgabe, Di-Sa als 1.Ausg. morgens, als 2.Ausg. u. als 3.Ausg.=Abendblatt, So als Morgenblatt); ab 1.Okt.1938 t&#xE4;glich. - Ausgabenbez. ab 13.Sept.1933 als Zusatz: M f&#xFC;r Morgenblatt, A f&#xFC;r Abendblatt, S f&#xFC;r Sonntagsausg., F f&#xFC;r Feiertagsausgabe. - 1933,Nr.24.562 konfisziert</subfield>
    </datafield>
    <datafield ind1="-" ind2="1" tag="524">
      <subfield code="a">Darin: Reisezeitung; 1873: Internationale Ausstellungszeitung; 1922,19.Nov. - 1939: Beilage der Neuen Freien Presse; 1929,10.Okt. - 1935,5.Juli: Jugendbeilage der Neuen Freien Presse</subfield>
    </datafield>
    <datafield ind1="z" ind2="1" tag="533">
      <subfield code="p">Aufgeg. in</subfield>
      <subfield code="a">Neues Wiener Tagblatt</subfield>
      <subfield code="9">AC02716170</subfield>
    </datafield>
    <datafield ind1="-" ind2="1" tag="610">
      <subfield code="a">Mikrofilm-Ausg.</subfield>
    </datafield>
    <datafield ind1="a" ind2="1" tag="611">
      <subfield code="a">St. Leonhard am Forst</subfield>
    </datafield>
    <datafield ind1="a" ind2="1" tag="613">
      <subfield code="a">Schmidl</subfield>
    </datafield>
    <datafield ind1="-" ind2="1" tag="619">
      <subfield code="a">1998</subfield>
    </datafield>
    <datafield ind1="-" ind2="1" tag="637">
      <subfield code="a">... Mikrofilm, 35 mm</subfield>
    </datafield>
    <datafield ind1="e" ind2="1" tag="655">
      <subfield code="u">http://anno.onb.ac.at/cgi-content/anno?aid=nfp</subfield>
      <subfield code="z">Volltext</subfield>
    </datafield>
    <datafield ind1="z" ind2="1" tag="700">
      <subfield code="a">100</subfield>
    </datafield>
    <datafield ind1="-" ind2="1" tag="710">
      <subfield code="a">Wien - Zeitungen</subfield>
    </datafield>
    <datafield ind1="-" ind2="1" tag="SG1">
      <subfield code="a">3</subfield>
    </datafield>
    <controlfield tag="SYS">000288308</controlfield>
    <datafield ind1=" " ind2="9" tag="071">
      <subfield code="a">AKW</subfield>
      <subfield code="2">XAW1</subfield>
    </datafield>
    <datafield ind1=" " ind2="9" tag="200">
      <subfield code="b">1864,Sept. - 1939,J&#xE4;n. L&#xFC;cken: 21. 1868; 31. 1878, Sept.-Dez.; 32. 1879; 91. 1938, Mai-Aug., Okt.-Nov.</subfield>
      <subfield code="f">D22403</subfield>
      <subfield code="g">ZSabg.</subfield>
      <subfield code="2">AKW</subfield>
    </datafield>
    <datafield ind1=" " ind2="9" tag="NTU">
      <subfield code="a">FSW-Bestand</subfield>
      <subfield code="2">XAW1</subfield>
    </datafield>
    <datafield ind1=" " ind2="9" tag="OWN">
      <subfield code="a">XAW1</subfield>
    </datafield>
    <datafield ind1=" " ind2=" " tag="PER">
      <subfield code="p">Etienne, Michael</subfield>
      <subfield code="d">1827-1879</subfield>
      <subfield code="9">(DE-588)116585323</subfield>
    </datafield>
    <datafield ind1=" " ind2=" " tag="PER">
      <subfield code="p">Hermann, Carl</subfield>
      <subfield code="9">(DE-588)101192673</subfield>
    </datafield>
    <datafield ind1=" " ind2=" " tag="PER">
      <subfield code="p">Benedict, Moriz</subfield>
      <subfield code="d">1849-1920</subfield>
      <subfield code="9">(DE-588)118137948</subfield>
    </datafield>
    <datafield ind1=" " ind2=" " tag="PER">
      <subfield code="p">Benedikt, Moritz</subfield>
      <subfield code="d">1849-1920</subfield>
      <subfield code="9">(DE-588)118137948</subfield>
    </datafield>
    <datafield ind1=" " ind2=" " tag="PER">
      <subfield code="p">Hermann, Carl</subfield>
      <subfield code="9">(DE-588)101192673</subfield>
    </datafield>
    <datafield ind1=" " ind2=" " tag="PER">
      <subfield code="p">Benedict, Moriz</subfield>
      <subfield code="d">1849-1920</subfield>
      <subfield code="9">(DE-588)118137948</subfield>
    </datafield>
    <datafield ind1=" " ind2=" " tag="PER">
      <subfield code="p">Benedikt, Moritz</subfield>
      <subfield code="d">1849-1920</subfield>
      <subfield code="9">(DE-588)118137948</subfield>
    </datafield>
    <datafield ind1=" " ind2=" " tag="PER">
      <subfield code="p">Etienne, Michael</subfield>
      <subfield code="d">1827-1879</subfield>
      <subfield code="9">(DE-588)116585323</subfield>
    </datafield>
    <datafield ind1=" " ind2=" " tag="AVA">
      <subfield code="a">AKW50</subfield>
      <subfield code="b">XAW1</subfield>
      <subfield code="c">BP Magazin (l&#xE4;ngere Aushebezeiten)</subfield>
      <subfield code="d">D22403/1914,6</subfield>
      <subfield code="e">available</subfield>
      <subfield code="t">Verf&#xFC;gbar</subfield>
      <subfield code="f">1</subfield>
      <subfield code="g">0</subfield>
      <subfield code="h">Y</subfield>
      <subfield code="i">0</subfield>
      <subfield code="j">MAG4</subfield>
    </datafield>
    <datafield ind1="-" ind2="2" tag="Z30">
      <subfield code="1">XAW1</subfield>
      <subfield code="2">MAG4</subfield>
      <subfield code="3">D22403/1914,6</subfield>
      <subfield code="b">1914</subfield>
      <subfield code="c">8</subfield>
      <subfield code="h">1914. August</subfield>
    </datafield>
  </record>