
  <record>
    <leader>04565nM2.01200024------h</leader>
    <controlfield tag="LDR">04565nM2.01200024------h</controlfield>
    <controlfield tag="FMT">MH</controlfield>
    <datafield ind1="-" ind2="1" tag="001">
      <subfield code="a">AC02716170</subfield>
    </datafield>
    <datafield ind1="z" ind2="1" tag="025">
      <subfield code="a">ZDB-821335-5</subfield>
    </datafield>
    <controlfield tag="030">bz1dc||z|||37</controlfield>
    <datafield ind1="a" ind2="1" tag="036">
      <subfield code="a">D</subfield>
      <subfield code="a">AT</subfield>
    </datafield>
    <datafield ind1="b" ind2="1" tag="037">
      <subfield code="a">ger</subfield>
    </datafield>
    <controlfield tag="050">a|ac||||||||||</controlfield>
    <controlfield tag="052">z||||||td||||||</controlfield>
    <datafield ind1="s" ind2="1" tag="076">
      <subfield code="a">01</subfield>
    </datafield>
    <datafield ind1="c" ind2="1" tag="078">
      <subfield code="a">wie</subfield>
    </datafield>
    <datafield ind1="-" ind2="1" tag="079">
      <subfield code="a">Hirth, Oskar</subfield>
      <subfield code="k">1918.11.12 - 1932.01.24: v. Red.</subfield>
    </datafield>
    <datafield ind1="-" ind2="1" tag="079">
      <subfield code="a">Forst, Max</subfield>
      <subfield code="k">1918.11.12 - 1932.01.24: kurzfristig v. Red. i.V.</subfield>
    </datafield>
    <datafield ind1="-" ind2="1" tag="079">
      <subfield code="a">Forst, Max</subfield>
      <subfield code="k">1932.01.25 - 1932.02.04: v. Red. i.V.</subfield>
    </datafield>
    <datafield ind1="-" ind2="1" tag="079">
      <subfield code="a">Forst, Max</subfield>
      <subfield code="k">1932.02.05 - 1936.01.29: v. Red.</subfield>
    </datafield>
    <datafield ind1="-" ind2="1" tag="079">
      <subfield code="a">Forst, Max</subfield>
      <subfield code="k">1936.01.30 - 1936.03.17: v. Red. i.V.</subfield>
    </datafield>
    <datafield ind1="-" ind2="1" tag="079">
      <subfield code="a">H&#xE4;u&#xDF;ler, Emanuel</subfield>
      <subfield code="k">1936.03.18 - 1938.06.18: v. Red.</subfield>
    </datafield>
    <datafield ind1="-" ind2="1" tag="079">
      <subfield code="a">Dubrovic, Emil</subfield>
      <subfield code="k">1936.03.18 - 1938.06.18: kurzfristig v. Red. i.V.</subfield>
    </datafield>
    <datafield ind1="-" ind2="1" tag="079">
      <subfield code="p">Wallis, Alfons</subfield>
      <subfield code="d">1898-1967</subfield>
      <subfield code="9">(DE-588)117126357</subfield>
      <subfield code="k">1936.03.18 - 1938.06.18: kurzfristig v. Red. i.V.</subfield>
    </datafield>
    <datafield ind1="-" ind2="1" tag="079">
      <subfield code="a">Winkler, Leopold</subfield>
      <subfield code="k">1939.01.20 - 1940.02.29: Verl.-Leiter</subfield>
    </datafield>
    <datafield ind1="-" ind2="1" tag="079">
      <subfield code="a">Kriedte, Horst</subfield>
      <subfield code="k">1939.02.01 - 1940.02.29: Verl.-Leiter</subfield>
    </datafield>
    <datafield ind1="-" ind2="1" tag="079">
      <subfield code="p">Hornauer, Hans</subfield>
      <subfield code="9">(DE-588)104943769</subfield>
      <subfield code="k">1940.03.01 - 1945.04.05: Verl.</subfield>
    </datafield>
    <datafield ind1="-" ind2="1" tag="079">
      <subfield code="a">Winkler, Leopold</subfield>
      <subfield code="k">1940.03.01 - 1940.09.03: stellvertr. Verl.</subfield>
    </datafield>
    <datafield ind1="-" ind2="1" tag="079">
      <subfield code="a">Winkler, Leopold</subfield>
      <subfield code="k">1940.09.04 - 1945.04.05: Verl.-Leiter</subfield>
    </datafield>
    <datafield ind1="-" ind2="1" tag="079">
      <subfield code="p">Rainalter, Erwin Herbert</subfield>
      <subfield code="d">1892-1960</subfield>
      <subfield code="9">(DE-588)118748912</subfield>
      <subfield code="k">1939.01.20 - 1939.07.03: Hauptschriftl.</subfield>
    </datafield>
    <datafield ind1="-" ind2="1" tag="079">
      <subfield code="p">Petwaidic, Walter</subfield>
      <subfield code="9">(DE-588)105988022</subfield>
      <subfield code="k">1939.07.04 - 1940.11.30: Hauptschriftl.</subfield>
    </datafield>
    <datafield ind1="-" ind2="1" tag="079">
      <subfield code="a">H&#xE4;u&#xDF;ler, Emanuel</subfield>
      <subfield code="k">1940.12.01 - 1941.03.31: Hauptschriftl. i.V.</subfield>
    </datafield>
    <datafield ind1="-" ind2="1" tag="079">
      <subfield code="p">H&#xE4;cker, Otto</subfield>
      <subfield code="d">1865-1940</subfield>
      <subfield code="9">(DE-588)1012269205</subfield>
      <subfield code="k">1941.04.01 - 1945.04.05: Hauptschriftl.</subfield>
    </datafield>
    <datafield ind1="-" ind2="1" tag="079">
      <subfield code="a">H&#xE4;u&#xDF;ler, Emanuel</subfield>
      <subfield code="k">1944.01.24 - 1945.04.05: Hauptschriftl. i.V.</subfield>
    </datafield>
    <datafield ind1="-" ind2="1" tag="079">
      <subfield code="a">H&#xE4;u&#xDF;ler, Emanuel</subfield>
      <subfield code="k">1939.01.20 - 1940.02.08: stellvertr. Hauptschriftl.</subfield>
    </datafield>
    <datafield ind1="-" ind2="1" tag="079">
      <subfield code="a">H&#xE4;u&#xDF;ler, Emanuel</subfield>
      <subfield code="k">1940.04.02 - 1941.04.15: stellvertr. Hauptschriftl.</subfield>
    </datafield>
    <datafield ind1="-" ind2="1" tag="079">
      <subfield code="p">Haller, Gustav</subfield>
      <subfield code="9">(DE-588)105498238</subfield>
      <subfield code="k">1939.01.20 - 1939.08.30: Chef v. Dienst</subfield>
    </datafield>
    <datafield ind1="-" ind2="1" tag="079">
      <subfield code="p">H&#xFC;ttig, Helmuth</subfield>
      <subfield code="9">(DE-588)113658281</subfield>
      <subfield code="k">1940.04.02 - 1941.04.15: Chef v. Dienst</subfield>
    </datafield>
    <datafield ind1="b" ind2="1" tag="086">
      <subfield code="a">D22401</subfield>
    </datafield>
    <datafield ind1="c" ind2="1" tag="086">
      <subfield code="a">ZSabg.</subfield>
    </datafield>
    <datafield ind1="-" ind2="1" tag="331">
      <subfield code="a">Neues Wiener Tagblatt</subfield>
    </datafield>
    <datafield ind1="-" ind2="1" tag="335">
      <subfield code="a">demokratisches Organ</subfield>
    </datafield>
    <datafield ind1="a" ind2="1" tag="370">
      <subfield code="a">Neues Wiener Tagblatt - Neue freie Presse</subfield>
    </datafield>
    <datafield ind1="a" ind2="1" tag="370">
      <subfield code="a">Neues Wiener Tagblatt - Neue Freie Presse - Neues Wiener Journal</subfield>
    </datafield>
    <datafield ind1="a" ind2="1" tag="370">
      <subfield code="a">Neues Wiener Jugend-Tagblatt</subfield>
    </datafield>
    <datafield ind1="-" ind2="1" tag="405">
      <subfield code="a">1.1867,1(10.M&#xE4;rz) - 79.1945,83(7.Apr.); damit Ersch. eingest</subfield>
    </datafield>
    <datafield ind1="-" ind2="1" tag="410">
      <subfield code="a">Wien</subfield>
    </datafield>
    <datafield ind1="-" ind2="1" tag="412">
      <subfield code="a">Ostm&#xE4;rk. Zeitungsverl.-Ges.</subfield>
    </datafield>
    <datafield ind1="-" ind2="1" tag="418">
      <subfield code="a">Wien</subfield>
      <subfield code="g">Steyrerm&#xFC;hl</subfield>
      <subfield code="h">fr&#xFC;her</subfield>
    </datafield>
    <datafield ind1="b" ind2="1" tag="425">
      <subfield code="a">1867</subfield>
    </datafield>
    <datafield ind1="c" ind2="1" tag="425">
      <subfield code="a">1945</subfield>
    </datafield>
    <datafield ind1="-" ind2="1" tag="501">
      <subfield code="a">Format: 2&#xB0;, ab 1.Okt.1920: 42.5 x 27.5 cm, 3-spaltig</subfield>
    </datafield>
    <datafield ind1="-" ind2="1" tag="507">
      <subfield code="a">Hauptsacht. 73/75.1939,20(20.Jan.)-89(30.M&#xE4;rz) u. 73.1939,90(31.M&#xE4;rz): Neues Wiener Tagblatt - Neue Freie Presse; 73.1939,91(1.Apr.)-300(30.Okt.): Neues Wiener Tagblatt - Neue Freie Presse - Neues Wiener Journal. - Nebent. 1939,2.Apr.-30.Okt.: Neues Wiener Tagblatt</subfield>
    </datafield>
    <datafield ind1="-" ind2="1" tag="509">
      <subfield code="a">Impressum bis 11.Sept.1938: Steyrerm&#xFC;hl Papierfabriks- und Verlagsgesellschaft (Dr., Verl., bis 18.Juni 1938 auch: Hrsg., Eig.); bis 29.Feb.1939: Ostm&#xE4;rkische Zeitungsverlagsges.m.b.H., Leitung: Leopold Winkler (u. ab 1.Feb.1939:) Horst Kriedte (Dr., Verl.); bis 5.Apr.1945: Ostm&#xE4;rkische Zeitungsverlag K.G.(Dr., Verl.), Verleger: Hans Hornauer, Stellvertr.: Leopold Winkler (1.M&#xE4;rz-3.Sept.1940; 4.Sept.1940-5.Apr.1945: Verlagsleiter). - Redakteur bis 16.Juni 1924: Oskar Hirth, kurzfristig vertr. durch: Max Forst; ab 25.Jan.1932: Max Forst i.V.; ab 5.Feb.1932: Max Forst; ab 30.Jan.1936: Max Forst i.V.; ab 18.M&#xE4;rz 1936: Emanuel H&#xE4;u&#xDF;ler, kurzfristig vertr. durch: Emil Dubrovic, Alfons Wallis. - Hauptschriftl. bis 3.Juli 1939: Erwin H. Rainalter; bis 30.Nov.1940: Walter Petwaidic; bis 31.M&#xE4;rz 1941: Emanuel H&#xE4;u&#xDF;ler i.V.; bis 5.Apr.1945: Otto H&#xE4;cker; 24.Jan.1944 - 5.Apr.1945: Emanuel H&#xE4;u&#xDF;ler i.V. - Stellvertr. Hauptschriftl. bis 8.Feb.1940 u. 2.Apr.1940 - 15.Apr.1941: Emanuel H&#xE4;u&#xDF;</subfield>
    </datafield>
    <datafield ind1="-" ind2="1" tag="516">
      <subfield code="a">Bibliogr. Nachweis: Melischek-Seethaler, Bd. 3, Nr. 770</subfield>
    </datafield>
    <datafield ind1="-" ind2="1" tag="523">
      <subfield code="a">Erscheinungsweise: t&#xE4;glich, ab 28.Nov.1932: 8 x w&#xF6;chentlich (Mo: 1.Ausg. u. 2.Ausg. abends, Di-So: morgens); ab 2.Aug.1938: 6 x w&#xF6;chentlich. - Doppelz&#xE4;hlung 73/75.1939 von "Neue freie Presse" &#xFC;bernommen. - Richtung: nationalsozialistisch</subfield>
    </datafield>
    <datafield ind1="-" ind2="1" tag="524">
      <subfield code="a">Darin 1929,5.Okt. - 1941[?]: Neues Wiener Jugend-Tagblatt</subfield>
    </datafield>
    <datafield ind1="z" ind2="1" tag="527">
      <subfield code="p">Abendausg.</subfield>
      <subfield code="a">Neues Wiener Abendblatt</subfield>
      <subfield code="9">AC02716183</subfield>
    </datafield>
    <datafield ind1="z" ind2="1" tag="527">
      <subfield code="p">Sportausg.</subfield>
      <subfield code="a">Sporttageblatt</subfield>
      <subfield code="9">AC02716154</subfield>
    </datafield>
    <datafield ind1="z" ind2="1" tag="527">
      <subfield code="p">1939,23.Mai-30.Dez. Mittagausg.</subfield>
      <subfield code="a">&lt;&lt;Der&gt;&gt; Wiener Mittag &lt;1939&gt;</subfield>
      <subfield code="9">AC02716207</subfield>
    </datafield>
    <datafield ind1="z" ind2="1" tag="529">
      <subfield code="p">Beibl. 1867 - 1868</subfield>
      <subfield code="a">Neues Familien-Journal</subfield>
      <subfield code="9">AC02902195</subfield>
    </datafield>
    <datafield ind1="z" ind2="1" tag="531">
      <subfield code="p">Darin aufgeg.</subfield>
      <subfield code="a">Neue freie Presse &lt;Wien, 1864 - 1939&gt;</subfield>
      <subfield code="9">AC02467418</subfield>
    </datafield>
    <datafield ind1="z" ind2="1" tag="531">
      <subfield code="p">Darin aufgeg.</subfield>
      <subfield code="a">Neues Wiener Journal</subfield>
      <subfield code="9">AC02716185</subfield>
    </datafield>
    <datafield ind1="z" ind2="1" tag="531">
      <subfield code="p">Vorg.</subfield>
      <subfield code="a">Wiener Journal</subfield>
      <subfield code="9">AC02716158</subfield>
    </datafield>
    <datafield ind1="-" ind2="1" tag="610">
      <subfield code="a">Mikrofilm-Ausg.</subfield>
    </datafield>
    <datafield ind1="a" ind2="1" tag="611">
      <subfield code="a">St. Leonhard am Forst</subfield>
    </datafield>
    <datafield ind1="a" ind2="1" tag="613">
      <subfield code="a">Schmidl</subfield>
    </datafield>
    <datafield ind1="-" ind2="1" tag="619">
      <subfield code="a">1983</subfield>
    </datafield>
    <datafield ind1="-" ind2="1" tag="637">
      <subfield code="a">... Mikrofilme, 35 mm</subfield>
    </datafield>
    <datafield ind1="e" ind2="1" tag="655">
      <subfield code="u">http://anno.onb.ac.at/cgi-content/anno?aid=nwg</subfield>
      <subfield code="z">Volltext</subfield>
    </datafield>
    <datafield ind1="b" ind2="1" tag="673">
      <subfield code="a">Wien</subfield>
    </datafield>
    <datafield ind1="z" ind2="1" tag="700">
      <subfield code="a">100</subfield>
    </datafield>
    <datafield ind1="z" ind2="1" tag="700">
      <subfield code="a">z101</subfield>
    </datafield>
    <datafield ind1="-" ind2="1" tag="710">
      <subfield code="a">Wien - Zeitungen</subfield>
    </datafield>
    <datafield ind1="-" ind2="1" tag="SG1">
      <subfield code="a">3</subfield>
    </datafield>
    <datafield ind1="-" ind2="1" tag="902">
      <subfield code="s">Zeitung</subfield>
      <subfield code="9">(DE-588)4067510-5</subfield>
    </datafield>
    <datafield ind1="-" ind2="1" tag="902">
      <subfield code="f">Mikroform</subfield>
    </datafield>
    <controlfield tag="SYS">000288309</controlfield>
    <datafield ind1=" " ind2="9" tag="071">
      <subfield code="a">AKW</subfield>
      <subfield code="2">XAW1</subfield>
    </datafield>
    <datafield ind1=" " ind2="9" tag="200">
      <subfield code="b">1. 1867,Mai-Dez. - 4. 1870,Feb.-Dez.; 5. 1871 - 48. 1914,J&#xE4;n.-Feb.,April-Dez.; 49. 1915 - 79. 1945,J&#xE4;n.-April</subfield>
      <subfield code="f">D22401</subfield>
      <subfield code="g">ZSabg</subfield>
      <subfield code="2">AKW</subfield>
    </datafield>
    <datafield ind1=" " ind2="9" tag="NTU">
      <subfield code="a">FSW -Bestand</subfield>
      <subfield code="2">XAW1</subfield>
    </datafield>
    <datafield ind1=" " ind2="9" tag="OWN">
      <subfield code="a">XAW1</subfield>
    </datafield>
    <datafield ind1=" " ind2=" " tag="SWD">
      <subfield code="s">Tagespresse</subfield>
      <subfield code="9">(DE-588)4067510-5</subfield>
    </datafield>
    <datafield ind1=" " ind2=" " tag="SWD">
      <subfield code="s">Tageszeitung</subfield>
      <subfield code="9">(DE-588)4067510-5</subfield>
    </datafield>
    <datafield ind1=" " ind2=" " tag="SWD">
      <subfield code="s">Gazette</subfield>
      <subfield code="9">(DE-588)4067510-5</subfield>
    </datafield>
    <datafield ind1=" " ind2=" " tag="SWD">
      <subfield code="s">Zeitungen</subfield>
      <subfield code="9">(DE-588)4067510-5</subfield>
    </datafield>
    <datafield ind1=" " ind2=" " tag="SWD">
      <subfield code="s">Tagespresse</subfield>
      <subfield code="9">(DE-588)4067510-5</subfield>
    </datafield>
    <datafield ind1=" " ind2=" " tag="SWD">
      <subfield code="s">Tageszeitung</subfield>
      <subfield code="9">(DE-588)4067510-5</subfield>
    </datafield>
    <datafield ind1=" " ind2=" " tag="SWD">
      <subfield code="s">Gazette</subfield>
      <subfield code="9">(DE-588)4067510-5</subfield>
    </datafield>
    <datafield ind1=" " ind2=" " tag="SWD">
      <subfield code="s">Zeitungen</subfield>
      <subfield code="9">(DE-588)4067510-5</subfield>
    </datafield>
    <datafield ind1=" " ind2=" " tag="PER">
      <subfield code="9">(DE-588)116359420</subfield>
    </datafield>
    <datafield ind1=" " ind2=" " tag="PER">
      <subfield code="p">H&#xE4;cker, Otto Adolf</subfield>
      <subfield code="d">1865-1940</subfield>
      <subfield code="9">(DE-588)1012269205</subfield>
    </datafield>
    <datafield ind1=" " ind2=" " tag="PER">
      <subfield code="p">Haecker, Otto</subfield>
      <subfield code="d">1865-1940</subfield>
      <subfield code="9">(DE-588)1012269205</subfield>
    </datafield>
    <datafield ind1=" " ind2=" " tag="PER">
      <subfield code="p">Haecker, O...</subfield>
      <subfield code="d">1865-1940</subfield>
      <subfield code="9">(DE-588)1012269205</subfield>
    </datafield>
    <datafield ind1=" " ind2=" " tag="PER">
      <subfield code="9">(DE-588)116359420</subfield>
    </datafield>
    <datafield ind1=" " ind2=" " tag="PER">
      <subfield code="p">H&#xE4;cker, Otto Adolf</subfield>
      <subfield code="d">1865-1940</subfield>
      <subfield code="9">(DE-588)1012269205</subfield>
    </datafield>
    <datafield ind1=" " ind2=" " tag="PER">
      <subfield code="p">Haecker, Otto</subfield>
      <subfield code="d">1865-1940</subfield>
      <subfield code="9">(DE-588)1012269205</subfield>
    </datafield>
    <datafield ind1=" " ind2=" " tag="PER">
      <subfield code="p">Haecker, O...</subfield>
      <subfield code="d">1865-1940</subfield>
      <subfield code="9">(DE-588)1012269205</subfield>
    </datafield>
    <datafield ind1=" " ind2=" " tag="PER">
      <subfield code="p">Rainalter, E. H.</subfield>
      <subfield code="d">1892-1960</subfield>
      <subfield code="9">(DE-588)118748912</subfield>
    </datafield>
    <datafield ind1=" " ind2=" " tag="PER">
      <subfield code="p">Rainalter, Erwin H.</subfield>
      <subfield code="d">1892-1960</subfield>
      <subfield code="9">(DE-588)118748912</subfield>
    </datafield>
    <datafield ind1=" " ind2=" " tag="PER">
      <subfield code="p">Rainalter, E. H.</subfield>
      <subfield code="d">1892-1960</subfield>
      <subfield code="9">(DE-588)118748912</subfield>
    </datafield>
    <datafield ind1=" " ind2=" " tag="PER">
      <subfield code="p">Rainalter, Erwin H.</subfield>
      <subfield code="d">1892-1960</subfield>
      <subfield code="9">(DE-588)118748912</subfield>
    </datafield>
    <datafield ind1=" " ind2=" " tag="PER">
      <subfield code="p">Petwaidic-Fredericia, Walter</subfield>
      <subfield code="9">(DE-588)105988022</subfield>
    </datafield>
    <datafield ind1=" " ind2=" " tag="PER">
      <subfield code="p">Fredericia, Walter</subfield>
      <subfield code="9">(DE-588)105988022</subfield>
    </datafield>
    <datafield ind1=" " ind2=" " tag="PER">
      <subfield code="p">Purgleitner, Walter</subfield>
      <subfield code="9">(DE-588)105988022</subfield>
    </datafield>
    <datafield ind1=" " ind2=" " tag="PER">
      <subfield code="p">Petwaidic-Fredericia, Walter</subfield>
      <subfield code="9">(DE-588)105988022</subfield>
    </datafield>
    <datafield ind1=" " ind2=" " tag="PER">
      <subfield code="p">Fredericia, Walter</subfield>
      <subfield code="9">(DE-588)105988022</subfield>
    </datafield>
    <datafield ind1=" " ind2=" " tag="PER">
      <subfield code="p">Purgleitner, Walter</subfield>
      <subfield code="9">(DE-588)105988022</subfield>
    </datafield>
    <datafield ind1=" " ind2=" " tag="AVA">
      <subfield code="a">AKW50</subfield>
      <subfield code="b">XAW1</subfield>
      <subfield code="c">BP Magazin (l&#xE4;ngere Aushebezeiten)</subfield>
      <subfield code="d">D22401/1931</subfield>
      <subfield code="e">available</subfield>
      <subfield code="t">Verf&#xFC;gbar</subfield>
      <subfield code="f">2</subfield>
      <subfield code="g">0</subfield>
      <subfield code="h">Y</subfield>
      <subfield code="i">0</subfield>
      <subfield code="j">MAG4</subfield>
    </datafield>
    <datafield ind1="-" ind2="2" tag="Z30">
      <subfield code="1">XAW1</subfield>
      <subfield code="2">MAG4</subfield>
      <subfield code="3">D22401/1931</subfield>
      <subfield code="b">1931</subfield>
      <subfield code="h">1931</subfield>
    </datafield>
    <datafield ind1="-" ind2="2" tag="Z30">
      <subfield code="1">XAW1</subfield>
      <subfield code="2">MAG4</subfield>
      <subfield code="3">D22401/1932</subfield>
      <subfield code="b">1932</subfield>
      <subfield code="h">1932</subfield>
    </datafield>
  </record>
  <record>
    <leader>00216nM2.01000024------h</leader>
    <controlfield tag="LDR">00216nM2.01000024------h</controlfield>
    <controlfield tag="FMT">MH</controlfield>
    <datafield ind1="-" ind2="1" tag="001">
      <subfield code="a">AC02207731</subfield>
    </datafield>
    <datafield ind1="-" ind2="1" tag="025">
      <subfield code="a">ZDB-2129518-9</subfield>
    </datafield>
    <controlfield tag="030">z|1dcr|||||37</controlfield>
    <datafield ind1="a" ind2="1" tag="036">
      <subfield code="a">DE</subfield>
    </datafield>
    <controlfield tag="050">a|a|||||||||||</controlfield>
    <controlfield tag="052">r||||||||||||||</controlfield>
    <datafield ind1="s" ind2="1" tag="076">
      <subfield code="a">11</subfield>
    </datafield>
    <datafield ind1="-" ind2="1" tag="331">
      <subfield code="a">Studien zu Subsistenz, Familie, Politik</subfield>
    </datafield>
    <datafield ind1="-" ind2="1" tag="405">
      <subfield code="a">1.1998 -</subfield>
    </datafield>
    <datafield ind1="-" ind2="1" tag="410">
      <subfield code="a">Kassel</subfield>
    </datafield>
    <datafield ind1="-" ind2="1" tag="412">
      <subfield code="a">Jenior</subfield>
    </datafield>
    <datafield ind1="-" ind2="1" tag="418">
      <subfield code="a">Kassel</subfield>
      <subfield code="g">Jenior und Pressler</subfield>
      <subfield code="h">1998</subfield>
    </datafield>
    <datafield ind1="a" ind2="1" tag="425">
      <subfield code="a">1998</subfield>
    </datafield>
    <datafield ind1="z" ind2="1" tag="700">
      <subfield code="a">100</subfield>
    </datafield>
    <datafield ind1="-" ind2="1" tag="902">
      <subfield code="s">Soziologie</subfield>
      <subfield code="9">(DE-588)4077624-4</subfield>
    </datafield>
    <datafield ind1="-" ind2="1" tag="902">
      <subfield code="f">Schriftenreihe</subfield>
    </datafield>
    <controlfield tag="SYS">000293776</controlfield>
    <datafield ind1=" " ind2=" " tag="SWD">
      <subfield code="s">Allgemeine Soziologie</subfield>
      <subfield code="9">(DE-588)4077624-4</subfield>
    </datafield>
    <datafield ind1=" " ind2=" " tag="SWD">
      <subfield code="s">Gesellschaftslehre</subfield>
      <subfield code="h">Soziologie</subfield>
      <subfield code="9">(DE-588)4077624-4</subfield>
    </datafield>
    <datafield ind1=" " ind2=" " tag="SWD">
      <subfield code="s">Gesellschaft</subfield>
      <subfield code="x">Theorie</subfield>
      <subfield code="9">(DE-588)4077624-4</subfield>
    </datafield>
    <datafield ind1=" " ind2=" " tag="SWD">
      <subfield code="s">Gesellschaftstheorie</subfield>
      <subfield code="9">(DE-588)4077624-4</subfield>
    </datafield>
    <datafield ind1=" " ind2=" " tag="SWD">
      <subfield code="s">Sozialtheorie</subfield>
      <subfield code="9">(DE-588)4077624-4</subfield>
    </datafield>
    <datafield ind1=" " ind2=" " tag="SWD">
      <subfield code="s">Soziallehre</subfield>
      <subfield code="h">Soziologie</subfield>
      <subfield code="9">(DE-588)4077624-4</subfield>
    </datafield>
    <datafield ind1=" " ind2=" " tag="SWD">
      <subfield code="s">Allgemeine Soziologie</subfield>
      <subfield code="9">(DE-588)4077624-4</subfield>
    </datafield>
    <datafield ind1=" " ind2=" " tag="SWD">
      <subfield code="s">Gesellschaftslehre</subfield>
      <subfield code="h">Soziologie</subfield>
      <subfield code="9">(DE-588)4077624-4</subfield>
    </datafield>
    <datafield ind1=" " ind2=" " tag="SWD">
      <subfield code="s">Gesellschaft</subfield>
      <subfield code="x">Theorie</subfield>
      <subfield code="9">(DE-588)4077624-4</subfield>
    </datafield>
    <datafield ind1=" " ind2=" " tag="SWD">
      <subfield code="s">Gesellschaftstheorie</subfield>
      <subfield code="9">(DE-588)4077624-4</subfield>
    </datafield>
    <datafield ind1=" " ind2=" " tag="SWD">
      <subfield code="s">Sozialtheorie</subfield>
      <subfield code="9">(DE-588)4077624-4</subfield>
    </datafield>
    <datafield ind1=" " ind2=" " tag="SWD">
      <subfield code="s">Soziallehre</subfield>
      <subfield code="h">Soziologie</subfield>
      <subfield code="9">(DE-588)4077624-4</subfield>
    </datafield>
  </record>
  <record>
    <leader>-----nM2.01200024------h</leader>
    <controlfield tag="LDR">-----nM2.01200024------h</controlfield>
    <controlfield tag="FMT">MH</controlfield>
    <datafield ind1="-" ind2="1" tag="001">
      <subfield code="a">AC02656733</subfield>
    </datafield>
    <datafield ind1="a" ind2="1" tag="002">
      <subfield code="a">19991217</subfield>
    </datafield>
    <datafield ind1="-" ind2="1" tag="003">
      <subfield code="a">20160613</subfield>
    </datafield>
    <datafield ind1="z" ind2="1" tag="025">
      <subfield code="a">ZDB-2285950-0</subfield>
    </datafield>
    <datafield ind1="-" ind2="1" tag="026">
      <subfield code="a">OBVAC02656733</subfield>
    </datafield>
    <controlfield tag="030">z|1dcr|||||37</controlfield>
    <datafield ind1="a" ind2="1" tag="036">
      <subfield code="a">DE</subfield>
    </datafield>
    <controlfield tag="050">a|a|||||||||||</controlfield>
    <controlfield tag="052">r||||||a|||||||</controlfield>
    <datafield ind1="-" ind2="1" tag="070">
      <subfield code="a">UBL</subfield>
    </datafield>
    <datafield ind1="b" ind2="1" tag="070">
      <subfield code="a">TUW</subfield>
    </datafield>
    <datafield ind1="s" ind2="1" tag="076">
      <subfield code="a">10</subfield>
    </datafield>
    <datafield ind1="-" ind2="1" tag="331">
      <subfield code="a">Virtuelle Welten</subfield>
    </datafield>
    <datafield ind1="-" ind2="1" tag="405">
      <subfield code="a">1.2000 -</subfield>
    </datafield>
    <datafield ind1="-" ind2="1" tag="410">
      <subfield code="a">Opladen</subfield>
    </datafield>
    <datafield ind1="-" ind2="1" tag="412">
      <subfield code="a">Leske + Budrich</subfield>
    </datafield>
    <datafield ind1="a" ind2="1" tag="425">
      <subfield code="a">2000</subfield>
    </datafield>
    <datafield ind1="-" ind2="1" tag="700">
      <subfield code="a">050</subfield>
      <subfield code="a">DNB</subfield>
    </datafield>
    <datafield ind1="-" ind2="1" tag="700">
      <subfield code="a">050</subfield>
      <subfield code="a">ZDB</subfield>
    </datafield>
    <datafield ind1="-" ind2="1" tag="902">
      <subfield code="s">Virtuelle Realit&#xE4;t</subfield>
      <subfield code="9">(DE-588)4399931-1</subfield>
    </datafield>
    <datafield ind1="-" ind2="1" tag="902">
      <subfield code="f">Schriftenreihe</subfield>
    </datafield>
    <controlfield tag="SYS">000294482</controlfield>
    <datafield ind1=" " ind2=" " tag="SWD">
      <subfield code="s">Virtual reality</subfield>
      <subfield code="9">(DE-588)4399931-1</subfield>
    </datafield>
    <datafield ind1=" " ind2=" " tag="SWD">
      <subfield code="s">Virtuelle Welt</subfield>
      <subfield code="9">(DE-588)4399931-1</subfield>
    </datafield>
    <datafield ind1=" " ind2=" " tag="SWD">
      <subfield code="s">Artificial reality</subfield>
      <subfield code="9">(DE-588)4399931-1</subfield>
    </datafield>
    <datafield ind1=" " ind2=" " tag="SWD">
      <subfield code="s">Virtual environments</subfield>
      <subfield code="9">(DE-588)4399931-1</subfield>
    </datafield>
    <datafield ind1=" " ind2=" " tag="SWD">
      <subfield code="s">Virtuelle R&#xE4;ume</subfield>
      <subfield code="9">(DE-588)4399931-1</subfield>
    </datafield>
    <datafield ind1=" " ind2=" " tag="SWD">
      <subfield code="s">K&#xFC;nstliche Wirklichkeit</subfield>
      <subfield code="9">(DE-588)4399931-1</subfield>
    </datafield>
    <datafield ind1=" " ind2=" " tag="SWD">
      <subfield code="s">Virtuelle Umgebung</subfield>
      <subfield code="9">(DE-588)4399931-1</subfield>
    </datafield>
    <datafield ind1=" " ind2=" " tag="SWD">
      <subfield code="s">K&#xFC;nstliche Realit&#xE4;t</subfield>
      <subfield code="9">(DE-588)4399931-1</subfield>
    </datafield>
    <datafield ind1=" " ind2=" " tag="SWD">
      <subfield code="s">Artificial world</subfield>
      <subfield code="9">(DE-588)4399931-1</subfield>
    </datafield>
    <datafield ind1=" " ind2=" " tag="SWD">
      <subfield code="s">Virtual environment</subfield>
      <subfield code="9">(DE-588)4399931-1</subfield>
    </datafield>
    <datafield ind1=" " ind2=" " tag="SWD">
      <subfield code="s">VR-Technologie</subfield>
      <subfield code="9">(DE-588)4399931-1</subfield>
    </datafield>
    <datafield ind1=" " ind2=" " tag="SWD">
      <subfield code="s">Cyberrealit&#xE4;t</subfield>
      <subfield code="9">(DE-588)4399931-1</subfield>
    </datafield>
    <datafield ind1=" " ind2=" " tag="SWD">
      <subfield code="s">K&#xFC;nstliche Welt</subfield>
      <subfield code="h">Informatik</subfield>
      <subfield code="9">(DE-588)4399931-1</subfield>
    </datafield>
    <datafield ind1=" " ind2=" " tag="SWD">
      <subfield code="s">Virtual reality</subfield>
      <subfield code="9">(DE-588)4399931-1</subfield>
    </datafield>
    <datafield ind1=" " ind2=" " tag="SWD">
      <subfield code="s">Virtuelle Welt</subfield>
      <subfield code="9">(DE-588)4399931-1</subfield>
    </datafield>
    <datafield ind1=" " ind2=" " tag="SWD">
      <subfield code="s">Artificial reality</subfield>
      <subfield code="9">(DE-588)4399931-1</subfield>
    </datafield>
    <datafield ind1=" " ind2=" " tag="SWD">
      <subfield code="s">Virtual environments</subfield>
      <subfield code="9">(DE-588)4399931-1</subfield>
    </datafield>
    <datafield ind1=" " ind2=" " tag="SWD">
      <subfield code="s">Virtuelle R&#xE4;ume</subfield>
      <subfield code="9">(DE-588)4399931-1</subfield>
    </datafield>
    <datafield ind1=" " ind2=" " tag="SWD">
      <subfield code="s">K&#xFC;nstliche Wirklichkeit</subfield>
      <subfield code="9">(DE-588)4399931-1</subfield>
    </datafield>
    <datafield ind1=" " ind2=" " tag="SWD">
      <subfield code="s">Virtuelle Umgebung</subfield>
      <subfield code="9">(DE-588)4399931-1</subfield>
    </datafield>
    <datafield ind1=" " ind2=" " tag="SWD">
      <subfield code="s">K&#xFC;nstliche Realit&#xE4;t</subfield>
      <subfield code="9">(DE-588)4399931-1</subfield>
    </datafield>
    <datafield ind1=" " ind2=" " tag="SWD">
      <subfield code="s">Artificial world</subfield>
      <subfield code="9">(DE-588)4399931-1</subfield>
    </datafield>
    <datafield ind1=" " ind2=" " tag="SWD">
      <subfield code="s">Virtual environment</subfield>
      <subfield code="9">(DE-588)4399931-1</subfield>
    </datafield>
    <datafield ind1=" " ind2=" " tag="SWD">
      <subfield code="s">VR-Technologie</subfield>
      <subfield code="9">(DE-588)4399931-1</subfield>
    </datafield>
    <datafield ind1=" " ind2=" " tag="SWD">
      <subfield code="s">Cyberrealit&#xE4;t</subfield>
      <subfield code="9">(DE-588)4399931-1</subfield>
    </datafield>
    <datafield ind1=" " ind2=" " tag="SWD">
      <subfield code="s">K&#xFC;nstliche Welt</subfield>
      <subfield code="h">Informatik</subfield>
      <subfield code="9">(DE-588)4399931-1</subfield>
    </datafield>
  </record>