
  <record>
    <leader>01135nM2.01000024------h</leader>
    <controlfield tag="LDR">01135nM2.01000024------h</controlfield>
    <controlfield tag="FMT">MH</controlfield>
    <datafield ind1="-" ind2="1" tag="001">
      <subfield code="a">AC04154564</subfield>
    </datafield>
    <controlfield tag="030">a|1dcr|||||37</controlfield>
    <datafield ind1="a" ind2="1" tag="036">
      <subfield code="a">AT</subfield>
    </datafield>
    <datafield ind1="b" ind2="1" tag="037">
      <subfield code="a">ger</subfield>
    </datafield>
    <controlfield tag="050">a|a|||||||||||</controlfield>
    <controlfield tag="051">sk||w||</controlfield>
    <datafield ind1="s" ind2="1" tag="076">
      <subfield code="a">10</subfield>
    </datafield>
    <datafield ind1="b" ind2="1" tag="100">
      <subfield code="p">Mesch, Michael</subfield>
      <subfield code="d">1956-</subfield>
      <subfield code="9">(DE-588)111171369</subfield>
      <subfield code="b">[Hrsg.]</subfield>
    </datafield>
    <datafield ind1="b" ind2="1" tag="200">
      <subfield code="k">Kammer f&#xFC;r Arbeiter und Angestellte f&#xFC;r Wien</subfield>
      <subfield code="9">(DE-588)2015235-8</subfield>
    </datafield>
    <datafield ind1="-" ind2="1" tag="331">
      <subfield code="a">US-amerikanisches und EUrop&#xE4;isches Modell</subfield>
    </datafield>
    <datafield ind1="-" ind2="1" tag="335">
      <subfield code="a">Unterschiede und Entwicklungstendenzen der Wirtschafts- und Gesellschaftssysteme ; Tagung der Kammer f&#xFC;r Arbeiter und Angestellte f&#xFC;r Wien</subfield>
    </datafield>
    <datafield ind1="-" ind2="1" tag="359">
      <subfield code="a">AK Wien. Michael Mesch ... (Hrsg.)</subfield>
    </datafield>
    <datafield ind1="-" ind2="1" tag="410">
      <subfield code="a">Wien</subfield>
    </datafield>
    <datafield ind1="-" ind2="1" tag="412">
      <subfield code="a">LexisNexis-Verl. ARD Orac</subfield>
    </datafield>
    <datafield ind1="a" ind2="1" tag="425">
      <subfield code="a">2004</subfield>
    </datafield>
    <datafield ind1="-" ind2="1" tag="433">
      <subfield code="a">190 S.</subfield>
    </datafield>
    <datafield ind1="-" ind2="1" tag="434">
      <subfield code="a">graph. Darst.</subfield>
    </datafield>
    <datafield ind1="-" ind2="1" tag="435">
      <subfield code="a">24 cm</subfield>
    </datafield>
    <datafield ind1="-" ind2="1" tag="451">
      <subfield code="a">Reihe Wirtschaftswissenschaftliche Tagungen der Arbeiterkammer Wien ; 8</subfield>
    </datafield>
    <datafield ind1="r" ind2="1" tag="453">
      <subfield code="a">AC00766881</subfield>
    </datafield>
    <datafield ind1="b" ind2="1" tag="454">
      <subfield code="a">Kammer f&#xFC;r Arbeiter und Angestellte &lt;Wien&gt;: Reihe Wirtschaftswissenschaftliche Tagungen der Arbeiterkammer Wien</subfield>
    </datafield>
    <datafield ind1="-" ind2="1" tag="455">
      <subfield code="a">8</subfield>
    </datafield>
    <datafield ind1="-" ind2="1" tag="456">
      <subfield code="a">8</subfield>
    </datafield>
    <datafield ind1="-" ind2="1" tag="517">
      <subfield code="a">Literaturangaben</subfield>
    </datafield>
    <datafield ind1="a" ind2="1" tag="540">
      <subfield code="a">3-7007-2967-7</subfield>
      <subfield code="b">kart. : EUR 25,- ; sfr 47,10</subfield>
    </datafield>
    <datafield ind1="-" ind2="1" tag="580">
      <subfield code="a">OeB2004,A,20 330,300,320</subfield>
    </datafield>
    <datafield ind1="e" ind2="1" tag="655">
      <subfield code="m">V:AT-OBV;B:AT-UBWW</subfield>
      <subfield code="q">application/pdf</subfield>
      <subfield code="u">http://media.obvsg.at/AC04154564-1001</subfield>
      <subfield code="x">WUW</subfield>
      <subfield code="3">Inhaltsverzeichnis</subfield>
      <subfield code="A">2</subfield>
    </datafield>
    <datafield ind1="b" ind2="1" tag="700">
      <subfield code="a">330.12</subfield>
      <subfield code="c">22</subfield>
    </datafield>
    <datafield ind1="f" ind2="1" tag="700">
      <subfield code="a">85.50</subfield>
      <subfield code="b">Personalwirtschaft, Arbeits&#xF6;konomik: Allgemeines</subfield>
      <subfield code="z">Automatisch aus GBV_2011-10 2012-06-14</subfield>
    </datafield>
    <datafield ind1="f" ind2="1" tag="700">
      <subfield code="a">85.63</subfield>
      <subfield code="b">Arbeitsbeziehungen</subfield>
      <subfield code="z">Automatisch aus GBV_2011-10 2012-06-14</subfield>
    </datafield>
    <datafield ind1="g" ind2="1" tag="700">
      <subfield code="a">QD 100</subfield>
    </datafield>
    <datafield ind1="g" ind2="1" tag="700">
      <subfield code="a">QX 000</subfield>
    </datafield>
    <datafield ind1="b" ind2="1" tag="710">
      <subfield code="a">USA</subfield>
    </datafield>
    <datafield ind1="b" ind2="1" tag="710">
      <subfield code="a">EU</subfield>
    </datafield>
    <datafield ind1="a" ind2="1" tag="710">
      <subfield code="a">Gesellschaftsordnung</subfield>
    </datafield>
    <datafield ind1="a" ind2="1" tag="710">
      <subfield code="a">Wirtschaftssysteme</subfield>
    </datafield>
    <datafield ind1="-" ind2="1" tag="SG1">
      <subfield code="a">600</subfield>
    </datafield>
    <datafield ind1="a" ind2="1" tag="740">
      <subfield code="a">Welfare state</subfield>
      <subfield code="v">Congresses</subfield>
      <subfield code="z">Automatisch aus GBV_2011-10 2012-06-14</subfield>
    </datafield>
    <datafield ind1="a" ind2="1" tag="740">
      <subfield code="a">Public welfare</subfield>
      <subfield code="z">Europe</subfield>
      <subfield code="v">Congresses</subfield>
      <subfield code="z">Automatisch aus GBV_2011-10 2012-06-14</subfield>
    </datafield>
    <datafield ind1="a" ind2="1" tag="740">
      <subfield code="a">Public welfare</subfield>
      <subfield code="z">United States</subfield>
      <subfield code="v">Congresses</subfield>
      <subfield code="z">Automatisch aus GBV_2011-10 2012-06-14</subfield>
    </datafield>
    <datafield ind1="u" ind2="1" tag="740">
      <subfield code="a">Europe</subfield>
      <subfield code="x">Economic policy</subfield>
      <subfield code="v">Congresses</subfield>
      <subfield code="z">Automatisch aus GBV_2011-10 2012-06-14</subfield>
    </datafield>
    <datafield ind1="u" ind2="1" tag="740">
      <subfield code="a">United States</subfield>
      <subfield code="x">Economic policy</subfield>
      <subfield code="v">Congresses</subfield>
      <subfield code="z">Automatisch aus GBV_2011-10 2012-06-14</subfield>
    </datafield>
    <datafield ind1="-" ind2="1" tag="902">
      <subfield code="g">USA</subfield>
      <subfield code="9">(DE-588)4078704-7</subfield>
    </datafield>
    <datafield ind1="-" ind2="1" tag="902">
      <subfield code="s">Wirtschaftssystem</subfield>
      <subfield code="9">(DE-588)4117663-7</subfield>
    </datafield>
    <datafield ind1="-" ind2="1" tag="902">
      <subfield code="s">Soziales System</subfield>
      <subfield code="9">(DE-588)4055764-9</subfield>
    </datafield>
    <datafield ind1="-" ind2="1" tag="902">
      <subfield code="k">Europ&#xE4;ische Union</subfield>
      <subfield code="9">(DE-588)5098525-5</subfield>
    </datafield>
    <datafield ind1="-" ind2="1" tag="902">
      <subfield code="f">Kongre&#xDF;</subfield>
    </datafield>
    <datafield ind1="-" ind2="1" tag="902">
      <subfield code="g">Wien &lt;2003&gt;</subfield>
    </datafield>
    <controlfield tag="SYS">000295309</controlfield>
    <datafield ind1=" " ind2=" " tag="BKL">
      <subfield code="a">Arbeitsbeziehungen</subfield>
    </datafield>
    <datafield ind1=" " ind2=" " tag="BKL">
      <subfield code="a">business administration: personnel management, labour economics: industrial relations</subfield>
    </datafield>
    <datafield ind1=" " ind2=" " tag="BKL">
      <subfield code="a">industrial relations &lt;business administration: personnel management, labour economics&gt;</subfield>
    </datafield>
    <datafield ind1=" " ind2=" " tag="BKL">
      <subfield code="a">Industrial relations</subfield>
    </datafield>
    <datafield ind1=" " ind2=" " tag="BKL">
      <subfield code="a">Gewerkschaften &lt;Betriebswirtschaft&gt;</subfield>
    </datafield>
    <datafield ind1=" " ind2=" " tag="BKL">
      <subfield code="a">Arbeitskampf</subfield>
    </datafield>
    <datafield ind1=" " ind2=" " tag="BKL">
      <subfield code="a">Streik</subfield>
    </datafield>
    <datafield ind1=" " ind2=" " tag="BKL">
      <subfield code="a">Mitbestimmung</subfield>
    </datafield>
    <datafield ind1=" " ind2=" " tag="BKL">
      <subfield code="a">Betriebsrat</subfield>
    </datafield>
    <datafield ind1=" " ind2=" " tag="KOR">
      <subfield code="k">Kammer f&#xFC;r Arbeiter und Angestellte Wien</subfield>
      <subfield code="9">(DE-588)2015235-8</subfield>
    </datafield>
    <datafield ind1=" " ind2=" " tag="KOR">
      <subfield code="k">Kammer f&#xFC;r Arbeiter und Angestellte f&#xFC;r Wien</subfield>
      <subfield code="b">Pressestelle</subfield>
      <subfield code="9">(DE-588)2015235-8</subfield>
    </datafield>
    <datafield ind1=" " ind2=" " tag="KOR">
      <subfield code="k">Arbeiterkammer Wien</subfield>
      <subfield code="9">(DE-588)2015235-8</subfield>
    </datafield>
    <datafield ind1=" " ind2=" " tag="KOR">
      <subfield code="k">Kammer f&#xFC;r Arbeiter und Angestellte in Wien</subfield>
      <subfield code="9">(DE-588)2015235-8</subfield>
    </datafield>
    <datafield ind1=" " ind2=" " tag="KOR">
      <subfield code="k">Arbeiterkammer in Wien</subfield>
      <subfield code="9">(DE-588)2015235-8</subfield>
    </datafield>
    <datafield ind1=" " ind2=" " tag="KOR">
      <subfield code="9">(DE-588)4073178-9</subfield>
    </datafield>
    <datafield ind1=" " ind2=" " tag="KOR">
      <subfield code="k">Kammer f&#xFC;r Arbeiter und Angestellte</subfield>
      <subfield code="h">Wien</subfield>
      <subfield code="9">(DE-588)2015235-8</subfield>
    </datafield>
    <datafield ind1=" " ind2=" " tag="KOR">
      <subfield code="k">Wiener Kammer f&#xFC;r Arbeiter und Angestellte</subfield>
      <subfield code="9">(DE-588)2015235-8</subfield>
    </datafield>
    <datafield ind1=" " ind2=" " tag="KOR">
      <subfield code="k">Wiener Arbeiterkammer</subfield>
      <subfield code="9">(DE-588)2015235-8</subfield>
    </datafield>
    <datafield ind1=" " ind2=" " tag="KOR">
      <subfield code="k">Palata Truda</subfield>
      <subfield code="h">Wien</subfield>
      <subfield code="9">(DE-588)2015235-8</subfield>
    </datafield>
    <datafield ind1=" " ind2=" " tag="KOR">
      <subfield code="k">Chambers of Labour</subfield>
      <subfield code="9">(DE-588)2015235-8</subfield>
    </datafield>
    <datafield ind1=" " ind2=" " tag="KOR">
      <subfield code="k">Chambres du Travail</subfield>
      <subfield code="9">(DE-588)2015235-8</subfield>
    </datafield>
    <datafield ind1=" " ind2=" " tag="KOR">
      <subfield code="k">AK</subfield>
      <subfield code="9">(DE-588)2015235-8</subfield>
    </datafield>
    <datafield ind1=" " ind2=" " tag="KOR">
      <subfield code="k">AK Wien</subfield>
      <subfield code="9">(DE-588)2015235-8</subfield>
    </datafield>
    <datafield ind1=" " ind2=" " tag="SWD">
      <subfield code="s">Gesellschaftssystem</subfield>
      <subfield code="h">Soziales System</subfield>
      <subfield code="9">(DE-588)4055764-9</subfield>
    </datafield>
    <datafield ind1=" " ind2=" " tag="SWD">
      <subfield code="s">Sozialsystem</subfield>
      <subfield code="9">(DE-588)4055764-9</subfield>
    </datafield>
    <datafield ind1=" " ind2=" " tag="SWD">
      <subfield code="s">Soziokulturelles System</subfield>
      <subfield code="9">(DE-588)4055764-9</subfield>
    </datafield>
    <datafield ind1=" " ind2=" " tag="SWD">
      <subfield code="s">Soziale Systeme</subfield>
      <subfield code="9">(DE-588)4055764-9</subfield>
    </datafield>
    <datafield ind1=" " ind2=" " tag="SWD">
      <subfield code="s">Sozialsysteme</subfield>
      <subfield code="9">(DE-588)4055764-9</subfield>
    </datafield>
    <datafield ind1=" " ind2=" " tag="SWD">
      <subfield code="9">(DE-588)110322-2</subfield>
    </datafield>
    <datafield ind1=" " ind2=" " tag="SWD">
      <subfield code="g">United States of America</subfield>
      <subfield code="9">(DE-588)4078704-7</subfield>
    </datafield>
    <datafield ind1=" " ind2=" " tag="SWD">
      <subfield code="g">Vereinigte Staaten von Amerika</subfield>
      <subfield code="9">(DE-588)4078704-7</subfield>
    </datafield>
    <datafield ind1=" " ind2=" " tag="SWD">
      <subfield code="g">Nordamerika</subfield>
      <subfield code="h">USA</subfield>
      <subfield code="9">(DE-588)4078704-7</subfield>
    </datafield>
    <datafield ind1=" " ind2=" " tag="SWD">
      <subfield code="g">Amerika</subfield>
      <subfield code="h">USA</subfield>
      <subfield code="9">(DE-588)4078704-7</subfield>
    </datafield>
    <datafield ind1=" " ind2=" " tag="SWD">
      <subfield code="g">United States</subfield>
      <subfield code="9">(DE-588)4078704-7</subfield>
    </datafield>
    <datafield ind1=" " ind2=" " tag="SWD">
      <subfield code="g">Etats Unis</subfield>
      <subfield code="9">(DE-588)4078704-7</subfield>
    </datafield>
    <datafield ind1=" " ind2=" " tag="SWD">
      <subfield code="g">Etats-Unis</subfield>
      <subfield code="9">(DE-588)4078704-7</subfield>
    </datafield>
    <datafield ind1=" " ind2=" " tag="SWD">
      <subfield code="g">Vereinigte Staaten</subfield>
      <subfield code="9">(DE-588)4078704-7</subfield>
    </datafield>
    <datafield ind1=" " ind2=" " tag="SWD">
      <subfield code="g">Estados Unidos de America</subfield>
      <subfield code="9">(DE-588)4078704-7</subfield>
    </datafield>
    <datafield ind1=" " ind2=" " tag="SWD">
      <subfield code="g">EEUU</subfield>
      <subfield code="9">(DE-588)4078704-7</subfield>
    </datafield>
    <datafield ind1=" " ind2=" " tag="SWD">
      <subfield code="g">Vereinigte Staaten von Nordamerika</subfield>
      <subfield code="9">(DE-588)4078704-7</subfield>
    </datafield>
    <datafield ind1=" " ind2=" " tag="SWD">
      <subfield code="g">Soedinennye &#x160;taty Ameriki</subfield>
      <subfield code="9">(DE-588)4078704-7</subfield>
    </datafield>
    <datafield ind1=" " ind2=" " tag="SWD">
      <subfield code="g">S&#x160;A</subfield>
      <subfield code="9">(DE-588)4078704-7</subfield>
    </datafield>
    <datafield ind1=" " ind2=" " tag="SWD">
      <subfield code="g">Stany Zjednoczone Ameryki P&#xF3;&#x142;nocnej</subfield>
      <subfield code="9">(DE-588)4078704-7</subfield>
    </datafield>
    <datafield ind1=" " ind2=" " tag="SWD">
      <subfield code="g">H&#x113;n&#x14D;menai Politeiai t&#x113;s Boreiu Amerik&#x113;s</subfield>
      <subfield code="9">(DE-588)4078704-7</subfield>
    </datafield>
    <datafield ind1=" " ind2=" " tag="SWD">
      <subfield code="g">H&#x113;n&#x14D;menes Politeies t&#x113;s Amerik&#x113;s</subfield>
      <subfield code="9">(DE-588)4078704-7</subfield>
    </datafield>
    <datafield ind1=" " ind2=" " tag="SWD">
      <subfield code="g">H&#x113;PA</subfield>
      <subfield code="9">(DE-588)4078704-7</subfield>
    </datafield>
    <datafield ind1=" " ind2=" " tag="SWD">
      <subfield code="g">&#x112;n&#x14D;menes Politeies t&#x113;s Amerik&#x113;s</subfield>
      <subfield code="9">(DE-588)4078704-7</subfield>
    </datafield>
    <datafield ind1=" " ind2=" " tag="SWD">
      <subfield code="g">&#x112;PA</subfield>
      <subfield code="9">(DE-588)4078704-7</subfield>
    </datafield>
    <datafield ind1=" " ind2=" " tag="SWD">
      <subfield code="g">Meiguo</subfield>
      <subfield code="9">(DE-588)4078704-7</subfield>
    </datafield>
    <datafield ind1=" " ind2=" " tag="SWD">
      <subfield code="g">Etats-Unis d'Am&#xE9;rique</subfield>
      <subfield code="9">(DE-588)4078704-7</subfield>
    </datafield>
    <datafield ind1=" " ind2=" " tag="SWD">
      <subfield code="g">US</subfield>
      <subfield code="9">(DE-588)4078704-7</subfield>
    </datafield>
    <datafield ind1=" " ind2=" " tag="SWD">
      <subfield code="s">&#xD6;konomisches System</subfield>
      <subfield code="9">(DE-588)4117663-7</subfield>
    </datafield>
    <datafield ind1=" " ind2=" " tag="SWD">
      <subfield code="k">Eur&#x14D;pai&#x34F;&#x308;ke En&#x14D;s&#x113;</subfield>
      <subfield code="9">(DE-588)5098525-5</subfield>
    </datafield>
    <datafield ind1=" " ind2=" " tag="SWD">
      <subfield code="9">(DE-588)4131753-1</subfield>
    </datafield>
    <datafield ind1=" " ind2=" " tag="SWD">
      <subfield code="k">Union europ&#xE9;enne</subfield>
      <subfield code="9">(DE-588)5098525-5</subfield>
    </datafield>
    <datafield ind1=" " ind2=" " tag="SWD">
      <subfield code="k">European Union</subfield>
      <subfield code="9">(DE-588)5098525-5</subfield>
    </datafield>
    <datafield ind1=" " ind2=" " tag="SWD">
      <subfield code="k">Uni&#xF3;n Europea</subfield>
      <subfield code="9">(DE-588)5098525-5</subfield>
    </datafield>
    <datafield ind1=" " ind2=" " tag="SWD">
      <subfield code="k">Europaeiske Union</subfield>
      <subfield code="9">(DE-588)5098525-5</subfield>
    </datafield>
    <datafield ind1=" " ind2=" " tag="SWD">
      <subfield code="k">Union Europea</subfield>
      <subfield code="9">(DE-588)5098525-5</subfield>
    </datafield>
    <datafield ind1=" " ind2=" " tag="SWD">
      <subfield code="k">Unione Europea</subfield>
      <subfield code="9">(DE-588)5098525-5</subfield>
    </datafield>
    <datafield ind1=" " ind2=" " tag="SWD">
      <subfield code="k">Europese Unie</subfield>
      <subfield code="9">(DE-588)5098525-5</subfield>
    </datafield>
    <datafield ind1=" " ind2=" " tag="SWD">
      <subfield code="k">Uni&#xE3;o Europeia</subfield>
      <subfield code="9">(DE-588)5098525-5</subfield>
    </datafield>
    <datafield ind1=" " ind2=" " tag="SWD">
      <subfield code="k">Aontas Eorpach</subfield>
      <subfield code="9">(DE-588)5098525-5</subfield>
    </datafield>
    <datafield ind1=" " ind2=" " tag="SWD">
      <subfield code="k">Europska Unija</subfield>
      <subfield code="9">(DE-588)5098525-5</subfield>
    </datafield>
    <datafield ind1=" " ind2=" " tag="SWD">
      <subfield code="k">Unia Europejska</subfield>
      <subfield code="9">(DE-588)5098525-5</subfield>
    </datafield>
    <datafield ind1=" " ind2=" " tag="SWD">
      <subfield code="k">Europos Sa&#x31C;junga</subfield>
      <subfield code="9">(DE-588)5098525-5</subfield>
    </datafield>
    <datafield ind1=" " ind2=" " tag="SWD">
      <subfield code="k">ES</subfield>
      <subfield code="9">(DE-588)5098525-5</subfield>
    </datafield>
    <datafield ind1=" " ind2=" " tag="SWD">
      <subfield code="k">Eiropas Savien&#x12B;ba</subfield>
      <subfield code="9">(DE-588)5098525-5</subfield>
    </datafield>
    <datafield ind1=" " ind2=" " tag="SWD">
      <subfield code="k">Uni&#xF3; Europea</subfield>
      <subfield code="9">(DE-588)5098525-5</subfield>
    </datafield>
    <datafield ind1=" " ind2=" " tag="SWD">
      <subfield code="k">Evropsk&#xE1; Unie</subfield>
      <subfield code="9">(DE-588)5098525-5</subfield>
    </datafield>
    <datafield ind1=" " ind2=" " tag="SWD">
      <subfield code="k">Avrupa Birli&#x11F;i</subfield>
      <subfield code="9">(DE-588)5098525-5</subfield>
    </datafield>
    <datafield ind1=" " ind2=" " tag="SWD">
      <subfield code="k">Evropejskoe Soob&#x161;&#x10D;estvo</subfield>
      <subfield code="9">(DE-588)5098525-5</subfield>
    </datafield>
    <datafield ind1=" " ind2=" " tag="SWD">
      <subfield code="k">Eur&#xF3;pai Uni&#xF3;</subfield>
      <subfield code="9">(DE-588)5098525-5</subfield>
    </datafield>
    <datafield ind1=" " ind2=" " tag="SWD">
      <subfield code="k">Uniunea European&#x103;</subfield>
      <subfield code="9">(DE-588)5098525-5</subfield>
    </datafield>
    <datafield ind1=" " ind2=" " tag="SWD">
      <subfield code="k">EU</subfield>
      <subfield code="9">(DE-588)5098525-5</subfield>
    </datafield>
    <datafield ind1=" " ind2=" " tag="SWD">
      <subfield code="k">EM</subfield>
      <subfield code="9">(DE-588)5098525-5</subfield>
    </datafield>
    <datafield ind1=" " ind2=" " tag="SWD">
      <subfield code="9">(DE-588)110322-2</subfield>
    </datafield>
    <datafield ind1=" " ind2=" " tag="SWD">
      <subfield code="g">United States of America</subfield>
      <subfield code="9">(DE-588)4078704-7</subfield>
    </datafield>
    <datafield ind1=" " ind2=" " tag="SWD">
      <subfield code="g">Vereinigte Staaten von Amerika</subfield>
      <subfield code="9">(DE-588)4078704-7</subfield>
    </datafield>
    <datafield ind1=" " ind2=" " tag="SWD">
      <subfield code="g">Nordamerika</subfield>
      <subfield code="h">USA</subfield>
      <subfield code="9">(DE-588)4078704-7</subfield>
    </datafield>
    <datafield ind1=" " ind2=" " tag="SWD">
      <subfield code="g">Amerika</subfield>
      <subfield code="h">USA</subfield>
      <subfield code="9">(DE-588)4078704-7</subfield>
    </datafield>
    <datafield ind1=" " ind2=" " tag="SWD">
      <subfield code="g">United States</subfield>
      <subfield code="9">(DE-588)4078704-7</subfield>
    </datafield>
    <datafield ind1=" " ind2=" " tag="SWD">
      <subfield code="g">Etats Unis</subfield>
      <subfield code="9">(DE-588)4078704-7</subfield>
    </datafield>
    <datafield ind1=" " ind2=" " tag="SWD">
      <subfield code="g">Etats-Unis</subfield>
      <subfield code="9">(DE-588)4078704-7</subfield>
    </datafield>
    <datafield ind1=" " ind2=" " tag="SWD">
      <subfield code="g">Vereinigte Staaten</subfield>
      <subfield code="9">(DE-588)4078704-7</subfield>
    </datafield>
    <datafield ind1=" " ind2=" " tag="SWD">
      <subfield code="g">Estados Unidos de America</subfield>
      <subfield code="9">(DE-588)4078704-7</subfield>
    </datafield>
    <datafield ind1=" " ind2=" " tag="SWD">
      <subfield code="g">EEUU</subfield>
      <subfield code="9">(DE-588)4078704-7</subfield>
    </datafield>
    <datafield ind1=" " ind2=" " tag="SWD">
      <subfield code="g">Vereinigte Staaten von Nordamerika</subfield>
      <subfield code="9">(DE-588)4078704-7</subfield>
    </datafield>
    <datafield ind1=" " ind2=" " tag="SWD">
      <subfield code="g">Soedinennye &#x160;taty Ameriki</subfield>
      <subfield code="9">(DE-588)4078704-7</subfield>
    </datafield>
    <datafield ind1=" " ind2=" " tag="SWD">
      <subfield code="g">S&#x160;A</subfield>
      <subfield code="9">(DE-588)4078704-7</subfield>
    </datafield>
    <datafield ind1=" " ind2=" " tag="SWD">
      <subfield code="g">Stany Zjednoczone Ameryki P&#xF3;&#x142;nocnej</subfield>
      <subfield code="9">(DE-588)4078704-7</subfield>
    </datafield>
    <datafield ind1=" " ind2=" " tag="SWD">
      <subfield code="g">H&#x113;n&#x14D;menai Politeiai t&#x113;s Boreiu Amerik&#x113;s</subfield>
      <subfield code="9">(DE-588)4078704-7</subfield>
    </datafield>
    <datafield ind1=" " ind2=" " tag="SWD">
      <subfield code="g">H&#x113;n&#x14D;menes Politeies t&#x113;s Amerik&#x113;s</subfield>
      <subfield code="9">(DE-588)4078704-7</subfield>
    </datafield>
    <datafield ind1=" " ind2=" " tag="SWD">
      <subfield code="g">H&#x113;PA</subfield>
      <subfield code="9">(DE-588)4078704-7</subfield>
    </datafield>
    <datafield ind1=" " ind2=" " tag="SWD">
      <subfield code="g">&#x112;n&#x14D;menes Politeies t&#x113;s Amerik&#x113;s</subfield>
      <subfield code="9">(DE-588)4078704-7</subfield>
    </datafield>
    <datafield ind1=" " ind2=" " tag="SWD">
      <subfield code="g">&#x112;PA</subfield>
      <subfield code="9">(DE-588)4078704-7</subfield>
    </datafield>
    <datafield ind1=" " ind2=" " tag="SWD">
      <subfield code="g">Meiguo</subfield>
      <subfield code="9">(DE-588)4078704-7</subfield>
    </datafield>
    <datafield ind1=" " ind2=" " tag="SWD">
      <subfield code="g">Etats-Unis d'Am&#xE9;rique</subfield>
      <subfield code="9">(DE-588)4078704-7</subfield>
    </datafield>
    <datafield ind1=" " ind2=" " tag="SWD">
      <subfield code="g">US</subfield>
      <subfield code="9">(DE-588)4078704-7</subfield>
    </datafield>
    <datafield ind1=" " ind2=" " tag="SWD">
      <subfield code="s">Gesellschaftssystem</subfield>
      <subfield code="h">Soziales System</subfield>
      <subfield code="9">(DE-588)4055764-9</subfield>
    </datafield>
    <datafield ind1=" " ind2=" " tag="SWD">
      <subfield code="s">Sozialsystem</subfield>
      <subfield code="9">(DE-588)4055764-9</subfield>
    </datafield>
    <datafield ind1=" " ind2=" " tag="SWD">
      <subfield code="s">Soziokulturelles System</subfield>
      <subfield code="9">(DE-588)4055764-9</subfield>
    </datafield>
    <datafield ind1=" " ind2=" " tag="SWD">
      <subfield code="s">Soziale Systeme</subfield>
      <subfield code="9">(DE-588)4055764-9</subfield>
    </datafield>
    <datafield ind1=" " ind2=" " tag="SWD">
      <subfield code="s">Sozialsysteme</subfield>
      <subfield code="9">(DE-588)4055764-9</subfield>
    </datafield>
    <datafield ind1=" " ind2=" " tag="SWD">
      <subfield code="s">&#xD6;konomisches System</subfield>
      <subfield code="9">(DE-588)4117663-7</subfield>
    </datafield>
    <datafield ind1=" " ind2=" " tag="BKL">
      <subfield code="a">Personalwirtschaft</subfield>
    </datafield>
    <datafield ind1=" " ind2=" " tag="BKL">
      <subfield code="a">Arbeits&#xF6;konomik: Allgemeines</subfield>
    </datafield>
    <datafield ind1=" " ind2=" " tag="BKL">
      <subfield code="a">business administration: human resources, labour economics: general</subfield>
    </datafield>
    <datafield ind1=" " ind2=" " tag="KOR">
      <subfield code="k">Kammer f&#xFC;r Arbeiter und Angestellte Wien</subfield>
      <subfield code="9">(DE-588)2015235-8</subfield>
    </datafield>
    <datafield ind1=" " ind2=" " tag="KOR">
      <subfield code="k">Kammer f&#xFC;r Arbeiter und Angestellte f&#xFC;r Wien</subfield>
      <subfield code="b">Pressestelle</subfield>
      <subfield code="9">(DE-588)2015235-8</subfield>
    </datafield>
    <datafield ind1=" " ind2=" " tag="KOR">
      <subfield code="k">Arbeiterkammer Wien</subfield>
      <subfield code="9">(DE-588)2015235-8</subfield>
    </datafield>
    <datafield ind1=" " ind2=" " tag="KOR">
      <subfield code="k">Kammer f&#xFC;r Arbeiter und Angestellte in Wien</subfield>
      <subfield code="9">(DE-588)2015235-8</subfield>
    </datafield>
    <datafield ind1=" " ind2=" " tag="KOR">
      <subfield code="k">Arbeiterkammer in Wien</subfield>
      <subfield code="9">(DE-588)2015235-8</subfield>
    </datafield>
    <datafield ind1=" " ind2=" " tag="KOR">
      <subfield code="9">(DE-588)4073178-9</subfield>
    </datafield>
    <datafield ind1=" " ind2=" " tag="KOR">
      <subfield code="k">Kammer f&#xFC;r Arbeiter und Angestellte</subfield>
      <subfield code="h">Wien</subfield>
      <subfield code="9">(DE-588)2015235-8</subfield>
    </datafield>
    <datafield ind1=" " ind2=" " tag="KOR">
      <subfield code="k">Wiener Kammer f&#xFC;r Arbeiter und Angestellte</subfield>
      <subfield code="9">(DE-588)2015235-8</subfield>
    </datafield>
    <datafield ind1=" " ind2=" " tag="KOR">
      <subfield code="k">Wiener Arbeiterkammer</subfield>
      <subfield code="9">(DE-588)2015235-8</subfield>
    </datafield>
    <datafield ind1=" " ind2=" " tag="KOR">
      <subfield code="k">Palata Truda</subfield>
      <subfield code="h">Wien</subfield>
      <subfield code="9">(DE-588)2015235-8</subfield>
    </datafield>
    <datafield ind1=" " ind2=" " tag="KOR">
      <subfield code="k">Chambers of Labour</subfield>
      <subfield code="9">(DE-588)2015235-8</subfield>
    </datafield>
    <datafield ind1=" " ind2=" " tag="KOR">
      <subfield code="k">Chambres du Travail</subfield>
      <subfield code="9">(DE-588)2015235-8</subfield>
    </datafield>
    <datafield ind1=" " ind2=" " tag="KOR">
      <subfield code="k">AK</subfield>
      <subfield code="9">(DE-588)2015235-8</subfield>
    </datafield>
    <datafield ind1=" " ind2=" " tag="KOR">
      <subfield code="k">AK Wien</subfield>
      <subfield code="9">(DE-588)2015235-8</subfield>
    </datafield>
    <datafield ind1=" " ind2=" " tag="AVA">
      <subfield code="a">AKW50</subfield>
      <subfield code="b">XAW1</subfield>
      <subfield code="c">Hauptmagazin</subfield>
      <subfield code="d">B122574</subfield>
      <subfield code="e">available</subfield>
      <subfield code="t">Verf&#xFC;gbar</subfield>
      <subfield code="f">2</subfield>
      <subfield code="g">0</subfield>
      <subfield code="h">N</subfield>
      <subfield code="i">0</subfield>
      <subfield code="j">MAG1</subfield>
    </datafield>
    <datafield ind1="-" ind2="1" tag="Z30">
      <subfield code="1">XAW1</subfield>
      <subfield code="2">MAG1</subfield>
      <subfield code="3">B122574</subfield>
    </datafield>
    <datafield ind1="-" ind2="1" tag="Z30">
      <subfield code="1">XAW1</subfield>
      <subfield code="2">MAG1</subfield>
      <subfield code="3">B122574</subfield>
    </datafield>
  </record>