
  <record>
    <leader>00485nM2.01000024------h</leader>
    <controlfield tag="LDR">00485nM2.01000024------h</controlfield>
    <controlfield tag="FMT">MH</controlfield>
    <datafield ind1="-" ind2="1" tag="001">
      <subfield code="a">AC04517897</subfield>
    </datafield>
    <controlfield tag="030">a|1ddr|||||37</controlfield>
    <datafield ind1="a" ind2="1" tag="036">
      <subfield code="a">DE</subfield>
    </datafield>
    <datafield ind1="b" ind2="1" tag="037">
      <subfield code="a">ger</subfield>
    </datafield>
    <controlfield tag="050">|||||||a||||||</controlfield>
    <controlfield tag="051">ne||w||</controlfield>
    <datafield ind1="s" ind2="1" tag="076">
      <subfield code="a">01</subfield>
    </datafield>
    <datafield ind1="b" ind2="1" tag="100">
      <subfield code="p">Zwahr, Annette</subfield>
      <subfield code="d">1942-</subfield>
      <subfield code="9">(DE-588)109827473</subfield>
      <subfield code="b">[Red.]</subfield>
    </datafield>
    <datafield ind1="-" ind2="1" tag="331">
      <subfield code="a">Brockhaus-Enzyklop&#xE4;die</subfield>
    </datafield>
    <datafield ind1="-" ind2="1" tag="334">
      <subfield code="a">Medienkombination</subfield>
    </datafield>
    <datafield ind1="-" ind2="1" tag="335">
      <subfield code="a">in 30 B&#xE4;nden</subfield>
    </datafield>
    <datafield ind1="-" ind2="1" tag="359">
      <subfield code="a">[red. Leitung: Annette Zwahr]</subfield>
    </datafield>
    <datafield ind1="-" ind2="1" tag="403">
      <subfield code="a">21., v&#xF6;llig neu bearb. Aufl.</subfield>
    </datafield>
    <datafield ind1="-" ind2="1" tag="410">
      <subfield code="a">Leipzig [u.a.]</subfield>
    </datafield>
    <datafield ind1="-" ind2="1" tag="412">
      <subfield code="a">Brockhaus</subfield>
    </datafield>
    <datafield ind1="b" ind2="1" tag="425">
      <subfield code="a">2006</subfield>
    </datafield>
    <datafield ind1="c" ind2="1" tag="425">
      <subfield code="a">2006</subfield>
    </datafield>
    <datafield ind1="-" ind2="1" tag="435">
      <subfield code="a">24 cm</subfield>
    </datafield>
    <datafield ind1="z" ind2="1" tag="527">
      <subfield code="p">Online-Ausg.</subfield>
      <subfield code="a">Brockhaus-Enzyklop&#xE4;die online</subfield>
      <subfield code="9">AC04986547</subfield>
    </datafield>
    <datafield ind1="z" ind2="1" tag="527">
      <subfield code="p">Onlineausg.: ---&gt;</subfield>
      <subfield code="a">Brockhaus-Wissensservice</subfield>
      <subfield code="9">2723085-5</subfield>
    </datafield>
    <datafield ind1="z" ind2="1" tag="527">
      <subfield code="p">DVD-Ausg.</subfield>
      <subfield code="a">Brockhaus - Enzyklop&#xE4;die digital</subfield>
      <subfield code="9">AC04888609</subfield>
    </datafield>
    <datafield ind1="-" ind2="1" tag="531">
      <subfield code="p">20. Aufl. u.d.T.</subfield>
      <subfield code="a">Brockhaus - die Enzyklop&#xE4;die</subfield>
    </datafield>
    <datafield ind1="a" ind2="1" tag="540">
      <subfield code="a">3-7653-4140-1</subfield>
      <subfield code="b">EUR 2490.00 (DE), EUR 2562.00 (AT)</subfield>
    </datafield>
    <datafield ind1="a" ind2="1" tag="540">
      <subfield code="a">3-7653-4148-7</subfield>
    </datafield>
    <datafield ind1="a" ind2="1" tag="540">
      <subfield code="a">3-7653-4146-0</subfield>
    </datafield>
    <datafield ind1="a" ind2="1" tag="540">
      <subfield code="a">3-7653-4147-9</subfield>
    </datafield>
    <datafield ind1="x" ind2="1" tag="700">
      <subfield code="a">030 Enzyklop&#xE4;dien, enzyklop&#xE4;dische Jahrb&#xFC;cher</subfield>
      <subfield code="c">22</subfield>
    </datafield>
    <datafield ind1="b" ind2="1" tag="700">
      <subfield code="a">033.1</subfield>
      <subfield code="c">22ger</subfield>
      <subfield code="z">LBOLIN</subfield>
    </datafield>
    <datafield ind1="g" ind2="1" tag="700">
      <subfield code="a">AE 11000</subfield>
    </datafield>
    <datafield ind1="g" ind2="1" tag="700">
      <subfield code="a">AE 11006</subfield>
    </datafield>
    <datafield ind1="-" ind2="1" tag="902">
      <subfield code="f">Enzyklop&#xE4;die</subfield>
    </datafield>
    <datafield ind1="-" ind2="1" tag="907">
      <subfield code="f">Enzyklop&#xE4;die</subfield>
    </datafield>
    <datafield ind1="-" ind2="1" tag="907">
      <subfield code="f">DVD-Video</subfield>
    </datafield>
    <datafield ind1="-" ind2="1" tag="912">
      <subfield code="f">Enzyklop&#xE4;die</subfield>
    </datafield>
    <datafield ind1="-" ind2="1" tag="912">
      <subfield code="f">DVD-ROM</subfield>
    </datafield>
    <controlfield tag="SYS">000304535</controlfield>
    <datafield ind1=" " ind2=" " tag="PER">
      <subfield code="p">Zwahr, Anette</subfield>
      <subfield code="d">1942-</subfield>
      <subfield code="9">(DE-588)109827473</subfield>
    </datafield>
    <datafield ind1=" " ind2=" " tag="PER">
      <subfield code="p">Zwahr, Anette</subfield>
      <subfield code="d">1942-</subfield>
      <subfield code="9">(DE-588)109827473</subfield>
    </datafield>
  </record>