
  <record>
    <leader>00499nM2.01200024------h</leader>
    <controlfield tag="LDR">00499nM2.01200024------h</controlfield>
    <controlfield tag="FMT">MH</controlfield>
    <datafield ind1="-" ind2="1" tag="001">
      <subfield code="a">AC02774368</subfield>
    </datafield>
    <datafield ind1="z" ind2="1" tag="025">
      <subfield code="a">1048858-3</subfield>
    </datafield>
    <controlfield tag="030">bz1dc||z|||37</controlfield>
    <datafield ind1="a" ind2="1" tag="036">
      <subfield code="a">US</subfield>
    </datafield>
    <datafield ind1="b" ind2="1" tag="037">
      <subfield code="a">eng</subfield>
    </datafield>
    <controlfield tag="052">p|||||||q||||||</controlfield>
    <datafield ind1="a" ind2="1" tag="070">
      <subfield code="a">ZDB</subfield>
    </datafield>
    <datafield ind1="p" ind2="1" tag="078">
      <subfield code="a">ZR10*940307*01</subfield>
    </datafield>
    <datafield ind1="b" ind2="1" tag="086">
      <subfield code="a">B91698</subfield>
    </datafield>
    <datafield ind1="c" ind2="1" tag="086">
      <subfield code="a">ZSL 1001</subfield>
    </datafield>
    <datafield ind1="-" ind2="1" tag="331">
      <subfield code="a">Capitalism, nature, socialism</subfield>
    </datafield>
    <datafield ind1="-" ind2="1" tag="335">
      <subfield code="a">CNS ; a journal of socialist ecology</subfield>
    </datafield>
    <datafield ind1="a" ind2="1" tag="370">
      <subfield code="a">CNS</subfield>
    </datafield>
    <datafield ind1="-" ind2="1" tag="405">
      <subfield code="a">1.1989/90; 2.1991 -; auch mit durchgehender Nr.-Z&#xE4;hlung</subfield>
    </datafield>
    <datafield ind1="-" ind2="1" tag="410">
      <subfield code="a">Santa Cruz, Calif. [u.a.]</subfield>
    </datafield>
    <datafield ind1="b" ind2="1" tag="425">
      <subfield code="a">1989</subfield>
    </datafield>
    <datafield ind1="-" ind2="1" tag="523">
      <subfield code="a">Erscheint viertelj&#xE4;hrlich</subfield>
    </datafield>
    <datafield ind1="a" ind2="1" tag="542">
      <subfield code="a">1045-5752</subfield>
    </datafield>
    <datafield ind1="x" ind2="1" tag="700">
      <subfield code="a">335 Sozialismus und verwandte Systeme</subfield>
      <subfield code="c">22</subfield>
    </datafield>
    <datafield ind1="x" ind2="1" tag="700">
      <subfield code="a">333.7 Umwelt</subfield>
      <subfield code="c">22</subfield>
    </datafield>
    <datafield ind1="z" ind2="1" tag="700">
      <subfield code="a">620</subfield>
    </datafield>
    <datafield ind1="z" ind2="1" tag="700">
      <subfield code="a">695</subfield>
    </datafield>
    <datafield ind1="a" ind2="1" tag="710">
      <subfield code="a">Sozialismus</subfield>
    </datafield>
    <datafield ind1="a" ind2="1" tag="710">
      <subfield code="a">&#xD6;kologie</subfield>
    </datafield>
    <datafield ind1="f" ind2="1" tag="710">
      <subfield code="a">Zeitschriften</subfield>
    </datafield>
    <controlfield tag="SYS">000306343</controlfield>
    <datafield ind1=" " ind2="9" tag="071">
      <subfield code="a">AKW</subfield>
      <subfield code="2">XAW1</subfield>
    </datafield>
    <datafield ind1=" " ind2="9" tag="200">
      <subfield code="b">4.1993 -</subfield>
      <subfield code="f">B91698</subfield>
      <subfield code="g">ZS 1001</subfield>
      <subfield code="2">AKW</subfield>
    </datafield>
    <datafield ind1=" " ind2="9" tag="NTU">
      <subfield code="a">FSW-Bestand</subfield>
      <subfield code="2">XAW1</subfield>
    </datafield>
    <datafield ind1=" " ind2="9" tag="OWN">
      <subfield code="a">XAW1</subfield>
    </datafield>
    <datafield ind1=" " ind2=" " tag="AVA">
      <subfield code="a">AKW50</subfield>
      <subfield code="b">XAW1</subfield>
      <subfield code="c">Fortsetzungsmagazin</subfield>
      <subfield code="d">B91698/2015</subfield>
      <subfield code="e">available</subfield>
      <subfield code="t">Verf&#xFC;gbar</subfield>
      <subfield code="f">23</subfield>
      <subfield code="g">0</subfield>
      <subfield code="h">Y</subfield>
      <subfield code="i">3</subfield>
      <subfield code="j">MAG3</subfield>
    </datafield>
    <datafield ind1="-" ind2="2" tag="Z30">
      <subfield code="1">XAW1</subfield>
      <subfield code="2">MAG3</subfield>
      <subfield code="3">B91698/1993</subfield>
      <subfield code="b">1993</subfield>
      <subfield code="h">4.1993</subfield>
    </datafield>
    <datafield ind1="-" ind2="2" tag="Z30">
      <subfield code="1">XAW1</subfield>
      <subfield code="2">MAG3</subfield>
      <subfield code="3">B91698/1994</subfield>
      <subfield code="b">1994</subfield>
      <subfield code="h">5. 1994</subfield>
    </datafield>
    <datafield ind1="-" ind2="2" tag="Z30">
      <subfield code="1">XAW1</subfield>
      <subfield code="2">MAG3</subfield>
      <subfield code="3">B91698/1995</subfield>
      <subfield code="b">1995</subfield>
      <subfield code="h">6.1995</subfield>
    </datafield>
    <datafield ind1="-" ind2="2" tag="Z30">
      <subfield code="1">XAW1</subfield>
      <subfield code="2">MAG3</subfield>
      <subfield code="3">B91698/1996</subfield>
      <subfield code="b">1996</subfield>
      <subfield code="h">7.1996</subfield>
    </datafield>
    <datafield ind1="-" ind2="2" tag="Z30">
      <subfield code="1">XAW1</subfield>
      <subfield code="2">MAG3</subfield>
      <subfield code="3">B91698/1997</subfield>
      <subfield code="b">1997</subfield>
      <subfield code="h">8.1997</subfield>
    </datafield>
    <datafield ind1="-" ind2="2" tag="Z30">
      <subfield code="1">XAW1</subfield>
      <subfield code="2">MAG3</subfield>
      <subfield code="3">B91698/1998</subfield>
      <subfield code="b">1998</subfield>
      <subfield code="h">9.1998</subfield>
    </datafield>
    <datafield ind1="-" ind2="2" tag="Z30">
      <subfield code="1">XAW1</subfield>
      <subfield code="2">MAG3</subfield>
      <subfield code="3">B91698/1999</subfield>
      <subfield code="b">1999</subfield>
      <subfield code="h">10.1999</subfield>
    </datafield>
    <datafield ind1="-" ind2="2" tag="Z30">
      <subfield code="1">XAW1</subfield>
      <subfield code="2">MAG3</subfield>
      <subfield code="3">B91698/2000</subfield>
      <subfield code="b">2000</subfield>
      <subfield code="h">11.2000</subfield>
    </datafield>
    <datafield ind1="-" ind2="2" tag="Z30">
      <subfield code="1">XAW1</subfield>
      <subfield code="2">MAG3</subfield>
      <subfield code="3">B91698/2001</subfield>
      <subfield code="b">2001</subfield>
      <subfield code="h">12.2001</subfield>
    </datafield>
    <datafield ind1="-" ind2="2" tag="Z30">
      <subfield code="1">XAW1</subfield>
      <subfield code="2">MAG3</subfield>
      <subfield code="3">B91698/2002</subfield>
      <subfield code="b">2002</subfield>
      <subfield code="h">13.2002</subfield>
    </datafield>
    <datafield ind1="-" ind2="2" tag="Z30">
      <subfield code="1">XAW1</subfield>
      <subfield code="2">MAG3</subfield>
      <subfield code="3">B91698/2003</subfield>
      <subfield code="b">2003</subfield>
      <subfield code="h">14.2003</subfield>
    </datafield>
    <datafield ind1="-" ind2="2" tag="Z30">
      <subfield code="1">XAW1</subfield>
      <subfield code="2">MAG3</subfield>
      <subfield code="3">B91698/2004</subfield>
      <subfield code="b">2004</subfield>
      <subfield code="h">15.2004</subfield>
    </datafield>
    <datafield ind1="-" ind2="2" tag="Z30">
      <subfield code="1">XAW1</subfield>
      <subfield code="2">MAG3</subfield>
      <subfield code="3">B91698/2005</subfield>
      <subfield code="b">2005</subfield>
      <subfield code="h">16.2005</subfield>
    </datafield>
    <datafield ind1="-" ind2="2" tag="Z30">
      <subfield code="1">XAW1</subfield>
      <subfield code="2">MAG3</subfield>
      <subfield code="3">B91698/2006</subfield>
      <subfield code="b">2006</subfield>
      <subfield code="h">17.2006</subfield>
    </datafield>
    <datafield ind1="-" ind2="2" tag="Z30">
      <subfield code="1">XAW1</subfield>
      <subfield code="2">MAG3</subfield>
      <subfield code="3">B91698/2007</subfield>
      <subfield code="b">2007</subfield>
      <subfield code="h">18.2007</subfield>
    </datafield>
    <datafield ind1="-" ind2="2" tag="Z30">
      <subfield code="1">XAW1</subfield>
      <subfield code="2">MAG3</subfield>
      <subfield code="3">B91698/2008</subfield>
      <subfield code="b">2008</subfield>
      <subfield code="h">19.2008</subfield>
    </datafield>
    <datafield ind1="-" ind2="2" tag="Z30">
      <subfield code="1">XAW1</subfield>
      <subfield code="2">MAG3</subfield>
      <subfield code="3">B91698/2009</subfield>
      <subfield code="b">2009</subfield>
      <subfield code="h">20.2009</subfield>
    </datafield>
    <datafield ind1="-" ind2="2" tag="Z30">
      <subfield code="1">XAW1</subfield>
      <subfield code="2">MAG3</subfield>
      <subfield code="3">B91698/2010</subfield>
      <subfield code="b">2010</subfield>
      <subfield code="h">21.2010</subfield>
    </datafield>
    <datafield ind1="-" ind2="2" tag="Z30">
      <subfield code="1">XAW1</subfield>
      <subfield code="2">MAG3</subfield>
      <subfield code="3">B91698/2011</subfield>
      <subfield code="b">2011</subfield>
      <subfield code="h">22.2011</subfield>
    </datafield>
    <datafield ind1="-" ind2="2" tag="Z30">
      <subfield code="1">XAW1</subfield>
      <subfield code="2">MAG3</subfield>
      <subfield code="3">B91698/2012</subfield>
      <subfield code="b">2012</subfield>
      <subfield code="h">23.2012</subfield>
    </datafield>
    <datafield ind1="-" ind2="2" tag="Z30">
      <subfield code="1">XAW1</subfield>
      <subfield code="2">MAG3</subfield>
      <subfield code="3">B91698/2013</subfield>
      <subfield code="b">2013</subfield>
      <subfield code="h">24.2013</subfield>
    </datafield>
    <datafield ind1="-" ind2="2" tag="Z30">
      <subfield code="1">XAW1</subfield>
      <subfield code="2">MAG3</subfield>
      <subfield code="3">B91698/2014</subfield>
      <subfield code="b">2014</subfield>
      <subfield code="h">25.2014</subfield>
      <subfield code="i">20150112</subfield>
    </datafield>
    <datafield ind1="-" ind2="2" tag="Z30">
      <subfield code="1">XAW1</subfield>
      <subfield code="2">MAG3</subfield>
      <subfield code="3">B91698/2015</subfield>
      <subfield code="b">2015</subfield>
      <subfield code="h">26.2015</subfield>
      <subfield code="i">20150112</subfield>
    </datafield>
  </record>