
  <record>
    <leader>00610pM2.01200024------h</leader>
    <controlfield tag="LDR">00610pM2.01200024------h</controlfield>
    <controlfield tag="FMT">MH</controlfield>
    <datafield ind1="-" ind2="1" tag="001">
      <subfield code="a">AC04879880</subfield>
    </datafield>
    <datafield ind1="b" ind2="1" tag="002">
      <subfield code="a">20060110</subfield>
    </datafield>
    <controlfield tag="030">a|1daz|z|||37</controlfield>
    <datafield ind1="a" ind2="1" tag="036">
      <subfield code="a">DE</subfield>
    </datafield>
    <datafield ind1="b" ind2="1" tag="037">
      <subfield code="a">ger</subfield>
    </datafield>
    <controlfield tag="050">a||||||a||||||</controlfield>
    <controlfield tag="051">m|||||||</controlfield>
    <datafield ind1="a" ind2="1" tag="070">
      <subfield code="a">292</subfield>
    </datafield>
    <datafield ind1="s" ind2="1" tag="076">
      <subfield code="a">24</subfield>
    </datafield>
    <datafield ind1="b" ind2="1" tag="100">
      <subfield code="a">Pellegrini, Tassilo</subfield>
      <subfield code="b">[Hrsg.]</subfield>
    </datafield>
    <datafield ind1="-" ind2="1" tag="331">
      <subfield code="a">Semantic Web</subfield>
    </datafield>
    <datafield ind1="-" ind2="1" tag="335">
      <subfield code="a">Wege zur vernetzten Wissensgesellschaft</subfield>
    </datafield>
    <datafield ind1="-" ind2="1" tag="359">
      <subfield code="a">Tassilo Pellegrini, Andreas Blumauer (Hrsg.)</subfield>
    </datafield>
    <datafield ind1="-" ind2="1" tag="410">
      <subfield code="a">Berlin [u.a.]</subfield>
    </datafield>
    <datafield ind1="-" ind2="1" tag="412">
      <subfield code="a">Springer</subfield>
    </datafield>
    <datafield ind1="a" ind2="1" tag="425">
      <subfield code="a">2006</subfield>
    </datafield>
    <datafield ind1="-" ind2="1" tag="433">
      <subfield code="a">XIV, 533 S.</subfield>
    </datafield>
    <datafield ind1="-" ind2="1" tag="434">
      <subfield code="a">Ill., graph. Darst., Kt.</subfield>
    </datafield>
    <datafield ind1="b" ind2="1" tag="451">
      <subfield code="a">X.media.press</subfield>
    </datafield>
    <datafield ind1="-" ind2="1" tag="517">
      <subfield code="a">Literaturangaben</subfield>
    </datafield>
    <datafield ind1="a" ind2="1" tag="540">
      <subfield code="a">978-3-540-29324-8</subfield>
    </datafield>
    <datafield ind1="a" ind2="1" tag="540">
      <subfield code="a">3-540-29324-8</subfield>
      <subfield code="b">: EUR 51.40 (AT), EUR 49.95 (DE), sfr 85.00</subfield>
    </datafield>
    <datafield ind1="e" ind2="1" tag="655">
      <subfield code="m">V:AT-OBV;B:AT-OeNB</subfield>
      <subfield code="q">application/pdf</subfield>
      <subfield code="u">http://media.obvsg.at/AC04879880-1001</subfield>
      <subfield code="x">ONB-IV</subfield>
      <subfield code="3">Inhaltsverzeichnis</subfield>
      <subfield code="A">2</subfield>
    </datafield>
    <datafield ind1="f" ind2="1" tag="700">
      <subfield code="a">54.84</subfield>
      <subfield code="b">Webmanagementi</subfield>
      <subfield code="z">Automatisch aus GBV_2011-10 2012-06-17</subfield>
    </datafield>
    <datafield ind1="f" ind2="1" tag="700">
      <subfield code="a">54.72</subfield>
      <subfield code="b">K&#xFC;nstliche Intelligenz</subfield>
      <subfield code="z">Automatisch aus GBV_2011-10 2012-06-17</subfield>
    </datafield>
    <datafield ind1="f" ind2="1" tag="700">
      <subfield code="a">05.38</subfield>
      <subfield code="b">Neue elektronische Medien &lt;Kommunikationswissenschaft&gt;</subfield>
      <subfield code="z">Automatisch aus GBV_2011-10 2012-06-17</subfield>
    </datafield>
    <datafield ind1="g" ind2="1" tag="700">
      <subfield code="a">ST 205</subfield>
    </datafield>
    <datafield ind1="g" ind2="1" tag="700">
      <subfield code="a">ST 515</subfield>
    </datafield>
    <datafield ind1="a" ind2="1" tag="710">
      <subfield code="a">Information</subfield>
    </datafield>
    <datafield ind1="a" ind2="1" tag="710">
      <subfield code="a">Wissen</subfield>
    </datafield>
    <datafield ind1="a" ind2="1" tag="710">
      <subfield code="a">Vernetzung</subfield>
    </datafield>
    <datafield ind1="a" ind2="1" tag="710">
      <subfield code="a">Internet</subfield>
    </datafield>
    <datafield ind1="-" ind2="1" tag="SG1">
      <subfield code="a">300</subfield>
    </datafield>
    <datafield ind1="-" ind2="1" tag="902">
      <subfield code="s">Semantic Web</subfield>
      <subfield code="9">(DE-588)4688372-1</subfield>
    </datafield>
    <datafield ind1="-" ind2="1" tag="902">
      <subfield code="f">Aufsatzsammlung</subfield>
    </datafield>
    <datafield ind1="-" ind2="1" tag="907">
      <subfield code="s">Semantic Web</subfield>
      <subfield code="9">(DE-588)4688372-1</subfield>
    </datafield>
    <datafield ind1="-" ind2="1" tag="907">
      <subfield code="s">Wissensorganisation</subfield>
      <subfield code="9">(DE-588)4205605-6</subfield>
    </datafield>
    <datafield ind1="-" ind2="1" tag="907">
      <subfield code="s">Ontologie</subfield>
      <subfield code="h">Wissensverarbeitung</subfield>
      <subfield code="9">(DE-588)4827894-4</subfield>
    </datafield>
    <datafield ind1="-" ind2="1" tag="907">
      <subfield code="f">Aufsatzsammlung</subfield>
    </datafield>
    <datafield ind1="-" ind2="1" tag="912">
      <subfield code="s">Semantic Web</subfield>
      <subfield code="9">(DE-588)4688372-1</subfield>
    </datafield>
    <datafield ind1="-" ind2="1" tag="912">
      <subfield code="s">Wissensmanagement</subfield>
      <subfield code="9">(DE-588)4561842-2</subfield>
    </datafield>
    <datafield ind1="-" ind2="1" tag="912">
      <subfield code="s">Peer-to-Peer-Netz</subfield>
      <subfield code="9">(DE-588)4343110-0</subfield>
    </datafield>
    <datafield ind1="-" ind2="1" tag="912">
      <subfield code="f">Aufsatzsammlung</subfield>
    </datafield>
    <datafield ind1="-" ind2="1" tag="917">
      <subfield code="s">Semantic Web</subfield>
      <subfield code="9">(DE-588)4688372-1</subfield>
    </datafield>
    <datafield ind1="-" ind2="1" tag="917">
      <subfield code="s">Web Services</subfield>
      <subfield code="9">(DE-588)4691234-4</subfield>
    </datafield>
    <datafield ind1="-" ind2="1" tag="917">
      <subfield code="s">Anwendungssystem</subfield>
      <subfield code="9">(DE-588)4139375-2</subfield>
    </datafield>
    <datafield ind1="-" ind2="1" tag="917">
      <subfield code="f">Aufsatzsammlung</subfield>
    </datafield>
    <controlfield tag="SYS">000307485</controlfield>
    <datafield ind1=" " ind2=" " tag="SWD">
      <subfield code="s">Wissen</subfield>
      <subfield code="x">Management</subfield>
      <subfield code="9">(DE-588)4561842-2</subfield>
    </datafield>
    <datafield ind1=" " ind2=" " tag="SWD">
      <subfield code="s">Knowledge Management</subfield>
      <subfield code="9">(DE-588)4561842-2</subfield>
    </datafield>
    <datafield ind1=" " ind2=" " tag="SWD">
      <subfield code="s">Betriebliches Wissensmanagement</subfield>
      <subfield code="9">(DE-588)4561842-2</subfield>
    </datafield>
    <datafield ind1=" " ind2=" " tag="SWD">
      <subfield code="s">Wissen</subfield>
      <subfield code="x">Management</subfield>
      <subfield code="9">(DE-588)4561842-2</subfield>
    </datafield>
    <datafield ind1=" " ind2=" " tag="SWD">
      <subfield code="s">Knowledge Management</subfield>
      <subfield code="9">(DE-588)4561842-2</subfield>
    </datafield>
    <datafield ind1=" " ind2=" " tag="SWD">
      <subfield code="s">Betriebliches Wissensmanagement</subfield>
      <subfield code="9">(DE-588)4561842-2</subfield>
    </datafield>
    <datafield ind1=" " ind2=" " tag="BKL">
      <subfield code="a">Neue elektronische Medien</subfield>
    </datafield>
    <datafield ind1=" " ind2=" " tag="BKL">
      <subfield code="a">mass communication: new electronic media</subfield>
    </datafield>
    <datafield ind1=" " ind2=" " tag="BKL">
      <subfield code="a">new electronic media &lt;mass communication&gt;</subfield>
    </datafield>
    <datafield ind1=" " ind2=" " tag="BKL">
      <subfield code="a">K&#xFC;nstliche Intelligenz</subfield>
    </datafield>
    <datafield ind1=" " ind2=" " tag="BKL">
      <subfield code="a">computer science: computer methods: artificial intelligence</subfield>
    </datafield>
    <datafield ind1=" " ind2=" " tag="BKL">
      <subfield code="a">artificial intelligence &lt;computer science: computer methods&gt;</subfield>
    </datafield>
    <datafield ind1=" " ind2=" " tag="BKL">
      <subfield code="a">Expertensysteme allgemein</subfield>
    </datafield>
    <datafield ind1=" " ind2=" " tag="BKL">
      <subfield code="a">neuronale Datenverarbeitung</subfield>
    </datafield>
    <datafield ind1=" " ind2=" " tag="BKL">
      <subfield code="a">wissensbasierte Systeme</subfield>
    </datafield>
    <datafield ind1=" " ind2=" " tag="BKL">
      <subfield code="a">lernende Systeme</subfield>
    </datafield>
    <datafield ind1=" " ind2=" " tag="SWD">
      <subfield code="s">Wissensordnung</subfield>
      <subfield code="9">(DE-588)4205605-6</subfield>
    </datafield>
    <datafield ind1=" " ind2=" " tag="SWD">
      <subfield code="s">Knowledge Organization</subfield>
      <subfield code="9">(DE-588)4205605-6</subfield>
    </datafield>
    <datafield ind1=" " ind2=" " tag="SWD">
      <subfield code="s">Organization of Knowledge</subfield>
      <subfield code="9">(DE-588)4205605-6</subfield>
    </datafield>
    <datafield ind1=" " ind2=" " tag="SWD">
      <subfield code="s">Wissensordnung</subfield>
      <subfield code="9">(DE-588)4205605-6</subfield>
    </datafield>
    <datafield ind1=" " ind2=" " tag="SWD">
      <subfield code="s">Knowledge Organization</subfield>
      <subfield code="9">(DE-588)4205605-6</subfield>
    </datafield>
    <datafield ind1=" " ind2=" " tag="SWD">
      <subfield code="s">Organization of Knowledge</subfield>
      <subfield code="9">(DE-588)4205605-6</subfield>
    </datafield>
    <datafield ind1=" " ind2=" " tag="SWD">
      <subfield code="s">Workgroup-Netz</subfield>
      <subfield code="9">(DE-588)4343110-0</subfield>
    </datafield>
    <datafield ind1=" " ind2=" " tag="SWD">
      <subfield code="s">Workgroup-Netz</subfield>
      <subfield code="9">(DE-588)4343110-0</subfield>
    </datafield>
    <datafield ind1=" " ind2=" " tag="SWD">
      <subfield code="s">Semantisches Web</subfield>
      <subfield code="9">(DE-588)4688372-1</subfield>
    </datafield>
    <datafield ind1=" " ind2=" " tag="SWD">
      <subfield code="s">Ontology</subfield>
      <subfield code="h">Information Science</subfield>
      <subfield code="9">(DE-588)4827894-4</subfield>
    </datafield>
    <datafield ind1=" " ind2=" " tag="SWD">
      <subfield code="s">Ontology</subfield>
      <subfield code="h">Artificial Intelligence</subfield>
      <subfield code="9">(DE-588)4827894-4</subfield>
    </datafield>
    <datafield ind1=" " ind2=" " tag="SWD">
      <subfield code="s">Application Services</subfield>
      <subfield code="9">(DE-588)4691234-4</subfield>
    </datafield>
    <datafield ind1=" " ind2=" " tag="SWD">
      <subfield code="s">Web-Service</subfield>
      <subfield code="9">(DE-588)4691234-4</subfield>
    </datafield>
    <datafield ind1=" " ind2=" " tag="SWD">
      <subfield code="s">Semantisches Web</subfield>
      <subfield code="9">(DE-588)4688372-1</subfield>
    </datafield>
    <datafield ind1=" " ind2=" " tag="SWD">
      <subfield code="s">Application Services</subfield>
      <subfield code="9">(DE-588)4691234-4</subfield>
    </datafield>
    <datafield ind1=" " ind2=" " tag="SWD">
      <subfield code="s">Web-Service</subfield>
      <subfield code="9">(DE-588)4691234-4</subfield>
    </datafield>
    <datafield ind1=" " ind2=" " tag="SWD">
      <subfield code="s">Ontology</subfield>
      <subfield code="h">Information Science</subfield>
      <subfield code="9">(DE-588)4827894-4</subfield>
    </datafield>
    <datafield ind1=" " ind2=" " tag="SWD">
      <subfield code="s">Ontology</subfield>
      <subfield code="h">Artificial Intelligence</subfield>
      <subfield code="9">(DE-588)4827894-4</subfield>
    </datafield>
    <datafield ind1=" " ind2=" " tag="AVA">
      <subfield code="a">AKW50</subfield>
      <subfield code="b">XAW1</subfield>
      <subfield code="c">Magazin 1</subfield>
      <subfield code="d">B127667</subfield>
      <subfield code="e">available</subfield>
      <subfield code="t">Verf&#xFC;gbar</subfield>
      <subfield code="f">1</subfield>
      <subfield code="g">0</subfield>
      <subfield code="h">N</subfield>
      <subfield code="i">1</subfield>
      <subfield code="j">MAG1</subfield>
    </datafield>
    <datafield ind1="-" ind2="1" tag="Z30">
      <subfield code="1">XAW1</subfield>
      <subfield code="2">MAG1</subfield>
      <subfield code="3">B127667</subfield>
      <subfield code="g">13260</subfield>
    </datafield>
  </record>