
  <record>
    <leader>00505cM2.01200024------u</leader>
    <controlfield tag="LDR">00505cM2.01200024------u</controlfield>
    <controlfield tag="FMT">MU</controlfield>
    <datafield ind1="-" ind2="1" tag="001">
      <subfield code="a">AC05616958</subfield>
    </datafield>
    <datafield ind1="-" ind2="2" tag="001">
      <subfield code="a">AC05390550</subfield>
    </datafield>
    <datafield ind1="b" ind2="1" tag="002">
      <subfield code="a">20060727</subfield>
    </datafield>
    <datafield ind1="b" ind2="2" tag="002">
      <subfield code="a">20060706</subfield>
    </datafield>
    <datafield ind1="-" ind2="1" tag="010">
      <subfield code="a">AC05390550</subfield>
    </datafield>
    <controlfield tag="030">u|1dkz|z|||||</controlfield>
    <datafield ind1="a" ind2="1" tag="036">
      <subfield code="a">GB</subfield>
    </datafield>
    <datafield ind1="a" ind2="2" tag="036">
      <subfield code="a">GB</subfield>
    </datafield>
    <datafield ind1="b" ind2="1" tag="037">
      <subfield code="a">eng</subfield>
    </datafield>
    <datafield ind1="b" ind2="2" tag="037">
      <subfield code="a">eng</subfield>
    </datafield>
    <controlfield tag="050">a|a|||||||||||</controlfield>
    <controlfield tag="051">m|||||||</controlfield>
    <datafield ind1="a" ind2="1" tag="070">
      <subfield code="a">292</subfield>
    </datafield>
    <datafield ind1="a" ind2="2" tag="070">
      <subfield code="a">292</subfield>
    </datafield>
    <datafield ind1="s" ind2="1" tag="076">
      <subfield code="a">54</subfield>
    </datafield>
    <datafield ind1="s" ind2="2" tag="076">
      <subfield code="a">54</subfield>
    </datafield>
    <datafield ind1="-" ind2="1" tag="089">
      <subfield code="a">3</subfield>
    </datafield>
    <datafield ind1="-" ind2="1" tag="090">
      <subfield code="a">3</subfield>
    </datafield>
    <datafield ind1="-" ind2="1" tag="100">
      <subfield code="a">Tomlinson, Jim</subfield>
    </datafield>
    <datafield ind1="b" ind2="2" tag="100">
      <subfield code="a">Fielding, Steven</subfield>
      <subfield code="b">[Hrsg.]</subfield>
    </datafield>
    <datafield ind1="-" ind2="1" tag="331">
      <subfield code="a">Economic policy</subfield>
    </datafield>
    <datafield ind1="-" ind2="2" tag="331">
      <subfield code="a">&lt;&lt;The&gt;&gt; Labour governments 1964-70</subfield>
    </datafield>
    <datafield ind1="-" ind2="1" tag="359">
      <subfield code="a">Jim Tomlinson</subfield>
    </datafield>
    <datafield ind1="-" ind2="2" tag="359">
      <subfield code="a">series editors Steven Fielding and John W. Young</subfield>
    </datafield>
    <datafield ind1="a" ind2="2" tag="370">
      <subfield code="a">&lt;&lt;The&gt;&gt; Labour governments 1964-1970</subfield>
    </datafield>
    <datafield ind1="-" ind2="1" tag="403">
      <subfield code="a">1. publ.</subfield>
    </datafield>
    <datafield ind1="-" ind2="2" tag="410">
      <subfield code="a">Manchester</subfield>
    </datafield>
    <datafield ind1="-" ind2="2" tag="412">
      <subfield code="a">Manchester University Press</subfield>
    </datafield>
    <datafield ind1="a" ind2="1" tag="425">
      <subfield code="a">2004</subfield>
    </datafield>
    <datafield ind1="-" ind2="1" tag="433">
      <subfield code="a">XIV, 256 S.</subfield>
    </datafield>
    <datafield ind1="-" ind2="1" tag="435">
      <subfield code="a">24cm</subfield>
    </datafield>
    <datafield ind1="-" ind2="2" tag="435">
      <subfield code="a">24cm</subfield>
    </datafield>
    <datafield ind1="-" ind2="1" tag="517">
      <subfield code="a">Literaturverz. S.236-251</subfield>
    </datafield>
    <datafield ind1="a" ind2="1" tag="540">
      <subfield code="a">0-7190-4587-8</subfield>
    </datafield>
    <datafield ind1="b" ind2="1" tag="700">
      <subfield code="a">320.94109046</subfield>
      <subfield code="c">21</subfield>
    </datafield>
    <datafield ind1="b" ind2="2" tag="700">
      <subfield code="a">320.94109046</subfield>
      <subfield code="c">22</subfield>
    </datafield>
    <datafield ind1="b" ind2="1" tag="710">
      <subfield code="a">Gro&#xDF;britannien</subfield>
    </datafield>
    <datafield ind1="a" ind2="1" tag="710">
      <subfield code="a">Parteien, sozialistische</subfield>
    </datafield>
    <datafield ind1="a" ind2="1" tag="710">
      <subfield code="a">Wirtschaftspolitik</subfield>
    </datafield>
    <datafield ind1="z" ind2="1" tag="710">
      <subfield code="a">Geschichte 1964/1970</subfield>
    </datafield>
    <datafield ind1="b" ind2="2" tag="710">
      <subfield code="a">Gro&#xDF;britannien</subfield>
    </datafield>
    <datafield ind1="a" ind2="2" tag="710">
      <subfield code="a">Parteien, sozialistische</subfield>
    </datafield>
    <datafield ind1="a" ind2="2" tag="710">
      <subfield code="a">Regierungspolitik</subfield>
    </datafield>
    <datafield ind1="z" ind2="2" tag="710">
      <subfield code="a">Geschichte 1964/1970</subfield>
    </datafield>
    <datafield ind1="-" ind2="1" tag="SG1">
      <subfield code="a">600</subfield>
    </datafield>
    <datafield ind1="-" ind2="2" tag="SG1">
      <subfield code="a">200</subfield>
    </datafield>
    <datafield ind1="c" ind2="1" tag="740">
      <subfield code="a">Labour Party</subfield>
      <subfield code="e">Great Britain</subfield>
      <subfield code="x">History</subfield>
    </datafield>
    <datafield ind1="g" ind2="1" tag="740">
      <subfield code="a">Great Britain</subfield>
      <subfield code="x">Politics and government</subfield>
      <subfield code="y">1964-1979</subfield>
    </datafield>
    <datafield ind1="c" ind2="2" tag="740">
      <subfield code="a">Labour Party</subfield>
      <subfield code="e">Great Britain</subfield>
      <subfield code="x">History</subfield>
    </datafield>
    <datafield ind1="g" ind2="2" tag="740">
      <subfield code="a">Great Britain</subfield>
      <subfield code="x">Politics and government</subfield>
      <subfield code="y">1964-1979</subfield>
    </datafield>
    <datafield ind1="-" ind2="1" tag="902">
      <subfield code="k">Labour Party</subfield>
      <subfield code="h">Gro&#xDF;britannien</subfield>
      <subfield code="9">(DE-588)2124-6</subfield>
    </datafield>
    <datafield ind1="-" ind2="1" tag="902">
      <subfield code="s">Wirtschaftspolitik</subfield>
      <subfield code="9">(DE-588)4066493-4</subfield>
    </datafield>
    <datafield ind1="-" ind2="1" tag="902">
      <subfield code="z">Geschichte 1964-1970</subfield>
    </datafield>
    <datafield ind1="-" ind2="2" tag="902">
      <subfield code="k">Labour Party</subfield>
      <subfield code="h">Gro&#xDF;britannien</subfield>
      <subfield code="9">(DE-588)2124-6</subfield>
    </datafield>
    <datafield ind1="-" ind2="2" tag="902">
      <subfield code="s">Regierung</subfield>
      <subfield code="9">(DE-588)4049012-9</subfield>
    </datafield>
    <datafield ind1="-" ind2="2" tag="902">
      <subfield code="s">Politik</subfield>
      <subfield code="9">(DE-588)4046514-7</subfield>
    </datafield>
    <datafield ind1="-" ind2="2" tag="902">
      <subfield code="z">Geschichte 1964-1970</subfield>
    </datafield>
    <controlfield tag="SYS">000308396</controlfield>
    <datafield ind1=" " ind2=" " tag="SWD">
      <subfield code="s">Volkswirtschaftspolitik</subfield>
      <subfield code="9">(DE-588)4066493-4</subfield>
    </datafield>
    <datafield ind1=" " ind2=" " tag="SWD">
      <subfield code="s">Allgemeine Wirtschaftspolitik</subfield>
      <subfield code="9">(DE-588)4066493-4</subfield>
    </datafield>
    <datafield ind1=" " ind2=" " tag="SWD">
      <subfield code="s">Volkswirtschaftspolitik</subfield>
      <subfield code="9">(DE-588)4066493-4</subfield>
    </datafield>
    <datafield ind1=" " ind2=" " tag="SWD">
      <subfield code="s">Allgemeine Wirtschaftspolitik</subfield>
      <subfield code="9">(DE-588)4066493-4</subfield>
    </datafield>
    <datafield ind1=" " ind2=" " tag="SWD">
      <subfield code="k">The British Labour Party</subfield>
      <subfield code="9">(DE-588)2124-6</subfield>
    </datafield>
    <datafield ind1=" " ind2=" " tag="SWD">
      <subfield code="k">&lt;&lt;The&gt;&gt; British Labour Party</subfield>
      <subfield code="9">(DE-588)2124-6</subfield>
    </datafield>
    <datafield ind1=" " ind2=" " tag="SWD">
      <subfield code="9">(DE-588)4033936-1</subfield>
    </datafield>
    <datafield ind1=" " ind2=" " tag="SWD">
      <subfield code="k">The Labour Party</subfield>
      <subfield code="h">Gro&#xDF;britannien</subfield>
      <subfield code="9">(DE-588)2124-6</subfield>
    </datafield>
    <datafield ind1=" " ind2=" " tag="SWD">
      <subfield code="k">Labor Party</subfield>
      <subfield code="h">Gro&#xDF;britannien</subfield>
      <subfield code="9">(DE-588)2124-6</subfield>
    </datafield>
    <datafield ind1=" " ind2=" " tag="SWD">
      <subfield code="k">Labour</subfield>
      <subfield code="h">Gro&#xDF;britannien</subfield>
      <subfield code="9">(DE-588)2124-6</subfield>
    </datafield>
    <datafield ind1=" " ind2=" " tag="SWD">
      <subfield code="k">The British Labour Party</subfield>
      <subfield code="9">(DE-588)2124-6</subfield>
    </datafield>
    <datafield ind1=" " ind2=" " tag="SWD">
      <subfield code="k">&lt;&lt;The&gt;&gt; British Labour Party</subfield>
      <subfield code="9">(DE-588)2124-6</subfield>
    </datafield>
    <datafield ind1=" " ind2=" " tag="SWD">
      <subfield code="9">(DE-588)4033936-1</subfield>
    </datafield>
    <datafield ind1=" " ind2=" " tag="SWD">
      <subfield code="k">The Labour Party</subfield>
      <subfield code="h">Gro&#xDF;britannien</subfield>
      <subfield code="9">(DE-588)2124-6</subfield>
    </datafield>
    <datafield ind1=" " ind2=" " tag="SWD">
      <subfield code="k">Labor Party</subfield>
      <subfield code="h">Gro&#xDF;britannien</subfield>
      <subfield code="9">(DE-588)2124-6</subfield>
    </datafield>
    <datafield ind1=" " ind2=" " tag="SWD">
      <subfield code="k">Labour</subfield>
      <subfield code="h">Gro&#xDF;britannien</subfield>
      <subfield code="9">(DE-588)2124-6</subfield>
    </datafield>
    <datafield ind1=" " ind2=" " tag="AVA">
      <subfield code="a">AKW50</subfield>
      <subfield code="b">XAW1</subfield>
      <subfield code="c">Magazin 1</subfield>
      <subfield code="d">B128030/3</subfield>
      <subfield code="e">available</subfield>
      <subfield code="t">Verf&#xFC;gbar</subfield>
      <subfield code="f">1</subfield>
      <subfield code="g">0</subfield>
      <subfield code="h">N</subfield>
      <subfield code="i">0</subfield>
      <subfield code="j">MAG1</subfield>
    </datafield>
    <datafield ind1="-" ind2="1" tag="Z30">
      <subfield code="1">XAW1</subfield>
      <subfield code="2">MAG1</subfield>
      <subfield code="3">B128030/3</subfield>
      <subfield code="g">13760</subfield>
    </datafield>
  </record>