
  <record>
    <leader>00692pM2.01200024------h</leader>
    <controlfield tag="LDR">00692pM2.01200024------h</controlfield>
    <controlfield tag="FMT">MH</controlfield>
    <datafield ind1="-" ind2="1" tag="001">
      <subfield code="a">AC05395491</subfield>
    </datafield>
    <datafield ind1="b" ind2="1" tag="002">
      <subfield code="a">20060711</subfield>
    </datafield>
    <controlfield tag="030">a|1dcz|z|||37</controlfield>
    <datafield ind1="a" ind2="1" tag="036">
      <subfield code="a">AT</subfield>
    </datafield>
    <datafield ind1="b" ind2="1" tag="037">
      <subfield code="a">mul</subfield>
    </datafield>
    <controlfield tag="050">a|a|||||||||||</controlfield>
    <controlfield tag="051">sk||w||</controlfield>
    <datafield ind1="a" ind2="1" tag="070">
      <subfield code="a">292</subfield>
    </datafield>
    <datafield ind1="s" ind2="1" tag="076">
      <subfield code="a">10</subfield>
    </datafield>
    <datafield ind1="b" ind2="1" tag="100">
      <subfield code="p">Chaloupek, G&#xFC;nther K.</subfield>
      <subfield code="d">1947-</subfield>
      <subfield code="9">(DE-588)170211886</subfield>
      <subfield code="b">[Hrsg.]</subfield>
    </datafield>
    <datafield ind1="-" ind2="1" tag="331">
      <subfield code="a">Steigende wirtschaftliche Ungleichheit bei steigendem Reichtum?</subfield>
    </datafield>
    <datafield ind1="-" ind2="1" tag="335">
      <subfield code="a">Verm&#xF6;gensverteilung als Herausforderung f&#xFC;r die Wirtschaftspolitik ; Tagung der Kammer f&#xFC;r Arbeiter und Angestellte f&#xFC;r Wien</subfield>
    </datafield>
    <datafield ind1="-" ind2="1" tag="359">
      <subfield code="a">G&#xFC;nther Chaloupek ... (Hrsg.)</subfield>
    </datafield>
    <datafield ind1="-" ind2="1" tag="410">
      <subfield code="a">Wien</subfield>
    </datafield>
    <datafield ind1="-" ind2="1" tag="412">
      <subfield code="a">LexisNexis-Verl. ARD Orac</subfield>
    </datafield>
    <datafield ind1="a" ind2="1" tag="425">
      <subfield code="a">2006</subfield>
    </datafield>
    <datafield ind1="-" ind2="1" tag="433">
      <subfield code="a">178 S.</subfield>
    </datafield>
    <datafield ind1="-" ind2="1" tag="434">
      <subfield code="a">graph. Darst., Kt.</subfield>
    </datafield>
    <datafield ind1="-" ind2="1" tag="435">
      <subfield code="a">24 cm</subfield>
    </datafield>
    <datafield ind1="-" ind2="1" tag="451">
      <subfield code="a">Reihe Wirtschaftswissenschaftliche Tagungen der Arbeiterkammer Wien ; 10</subfield>
    </datafield>
    <datafield ind1="r" ind2="1" tag="453">
      <subfield code="a">AC00766881</subfield>
    </datafield>
    <datafield ind1="b" ind2="1" tag="454">
      <subfield code="a">Kammer f&#xFC;r Arbeiter und Angestellte &lt;Wien&gt;: Reihe Wirtschaftswissenschaftliche Tagungen der Arbeiterkammer Wien</subfield>
    </datafield>
    <datafield ind1="-" ind2="1" tag="455">
      <subfield code="a">10</subfield>
    </datafield>
    <datafield ind1="-" ind2="1" tag="456">
      <subfield code="a">10</subfield>
    </datafield>
    <datafield ind1="a" ind2="1" tag="516">
      <subfield code="a">Beitr. teilw. dt., teilw. engl.</subfield>
    </datafield>
    <datafield ind1="-" ind2="1" tag="517">
      <subfield code="a">Literaturangaben</subfield>
    </datafield>
    <datafield ind1="a" ind2="1" tag="540">
      <subfield code="a">3-7007-3459-X</subfield>
      <subfield code="b">kart. : EUR 25,00 ; EUR 24,30 (DE) ; CHF 43,80</subfield>
    </datafield>
    <datafield ind1="a" ind2="1" tag="551">
      <subfield code="a">15.20.10</subfield>
    </datafield>
    <datafield ind1="a" ind2="1" tag="553">
      <subfield code="a">9783700734598</subfield>
    </datafield>
    <datafield ind1="-" ind2="1" tag="580">
      <subfield code="a">OeB2006,A,18 330</subfield>
    </datafield>
    <datafield ind1="e" ind2="1" tag="655">
      <subfield code="m">V:AT-OBV;B:AT-OeNB</subfield>
      <subfield code="q">application/pdf</subfield>
      <subfield code="u">http://media.obvsg.at/AC05395491-1001</subfield>
      <subfield code="x">ONB-IV</subfield>
      <subfield code="3">Inhaltsverzeichnis</subfield>
      <subfield code="A">2</subfield>
    </datafield>
    <datafield ind1="b" ind2="1" tag="700">
      <subfield code="a">339.22</subfield>
      <subfield code="c">22</subfield>
    </datafield>
    <datafield ind1="f" ind2="1" tag="700">
      <subfield code="a">83.14</subfield>
      <subfield code="b">Einkommen, Besch&#xE4;ftigung, Arbeitsmarkt</subfield>
      <subfield code="O">Automatisch generiert aus Konkordanz RVK-BK-Wirtschaftswissenschaften</subfield>
    </datafield>
    <datafield ind1="g" ind2="1" tag="700">
      <subfield code="a">QX 200</subfield>
    </datafield>
    <datafield ind1="b" ind2="1" tag="710">
      <subfield code="a">&#xD6;sterreich</subfield>
    </datafield>
    <datafield ind1="a" ind2="1" tag="710">
      <subfield code="a">Einkommensverteilung</subfield>
    </datafield>
    <datafield ind1="a" ind2="1" tag="710">
      <subfield code="a">Ungleichheit, soziale</subfield>
    </datafield>
    <datafield ind1="f" ind2="1" tag="710">
      <subfield code="a">Tagungen, internationale</subfield>
    </datafield>
    <datafield ind1="f" ind2="1" tag="710">
      <subfield code="a">Aufs&#xE4;tze</subfield>
    </datafield>
    <datafield ind1="-" ind2="1" tag="SG1">
      <subfield code="a">600</subfield>
    </datafield>
    <datafield ind1="-" ind2="1" tag="902">
      <subfield code="s">Sozialpolitik</subfield>
      <subfield code="9">(DE-588)4055879-4</subfield>
    </datafield>
    <datafield ind1="-" ind2="1" tag="902">
      <subfield code="s">Verm&#xF6;gensbildung</subfield>
      <subfield code="9">(DE-588)4063074-2</subfield>
    </datafield>
    <datafield ind1="-" ind2="1" tag="902">
      <subfield code="s">Verteilungsgerechtigkeit</subfield>
      <subfield code="9">(DE-588)4127097-6</subfield>
    </datafield>
    <datafield ind1="-" ind2="1" tag="902">
      <subfield code="s">Globalisierung</subfield>
      <subfield code="9">(DE-588)4557997-0</subfield>
    </datafield>
    <datafield ind1="-" ind2="1" tag="902">
      <subfield code="f">Kongress</subfield>
    </datafield>
    <datafield ind1="-" ind2="1" tag="902">
      <subfield code="g">Wien &lt;2005&gt;</subfield>
    </datafield>
    <controlfield tag="SYS">000309012</controlfield>
    <datafield ind1=" " ind2=" " tag="SWD">
      <subfield code="s">Eigentumsbildung</subfield>
      <subfield code="9">(DE-588)4063074-2</subfield>
    </datafield>
    <datafield ind1=" " ind2=" " tag="SWD">
      <subfield code="s">Eigentumsbildung</subfield>
      <subfield code="9">(DE-588)4063074-2</subfield>
    </datafield>
    <datafield ind1=" " ind2=" " tag="SWD">
      <subfield code="s">Gesellschaftspolitik</subfield>
      <subfield code="9">(DE-588)4055879-4</subfield>
    </datafield>
    <datafield ind1=" " ind2=" " tag="SWD">
      <subfield code="s">Wohlfahrtspolitik</subfield>
      <subfield code="9">(DE-588)4055879-4</subfield>
    </datafield>
    <datafield ind1=" " ind2=" " tag="SWD">
      <subfield code="s">Weltwirtschaft</subfield>
      <subfield code="x">Internationalisierung</subfield>
      <subfield code="9">(DE-588)4557997-0</subfield>
    </datafield>
    <datafield ind1=" " ind2=" " tag="SWD">
      <subfield code="s">Weltgesellschaft</subfield>
      <subfield code="x">Internationalisierung</subfield>
      <subfield code="9">(DE-588)4557997-0</subfield>
    </datafield>
    <datafield ind1=" " ind2=" " tag="SWD">
      <subfield code="s">Globalisation</subfield>
      <subfield code="9">(DE-588)4557997-0</subfield>
    </datafield>
    <datafield ind1=" " ind2=" " tag="SWD">
      <subfield code="s">Globalization</subfield>
      <subfield code="9">(DE-588)4557997-0</subfield>
    </datafield>
    <datafield ind1=" " ind2=" " tag="SWD">
      <subfield code="s">Einkommensverteilung</subfield>
      <subfield code="x">Gerechtigkeit</subfield>
      <subfield code="9">(DE-588)4127097-6</subfield>
    </datafield>
    <datafield ind1=" " ind2=" " tag="SWD">
      <subfield code="s">Verm&#xF6;gensverteilung</subfield>
      <subfield code="x">Gerechtigkeit</subfield>
      <subfield code="9">(DE-588)4127097-6</subfield>
    </datafield>
    <datafield ind1=" " ind2=" " tag="SWD">
      <subfield code="s">Distributive Gerechtigkeit</subfield>
      <subfield code="9">(DE-588)4127097-6</subfield>
    </datafield>
    <datafield ind1=" " ind2=" " tag="SWD">
      <subfield code="s">Iustitia distributiva</subfield>
      <subfield code="9">(DE-588)4127097-6</subfield>
    </datafield>
    <datafield ind1=" " ind2=" " tag="SWD">
      <subfield code="s">Weltwirtschaft</subfield>
      <subfield code="x">Internationalisierung</subfield>
      <subfield code="9">(DE-588)4557997-0</subfield>
    </datafield>
    <datafield ind1=" " ind2=" " tag="SWD">
      <subfield code="s">Weltgesellschaft</subfield>
      <subfield code="x">Internationalisierung</subfield>
      <subfield code="9">(DE-588)4557997-0</subfield>
    </datafield>
    <datafield ind1=" " ind2=" " tag="SWD">
      <subfield code="s">Globalisation</subfield>
      <subfield code="9">(DE-588)4557997-0</subfield>
    </datafield>
    <datafield ind1=" " ind2=" " tag="SWD">
      <subfield code="s">Globalization</subfield>
      <subfield code="9">(DE-588)4557997-0</subfield>
    </datafield>
    <datafield ind1=" " ind2=" " tag="SWD">
      <subfield code="s">Gesellschaftspolitik</subfield>
      <subfield code="9">(DE-588)4055879-4</subfield>
    </datafield>
    <datafield ind1=" " ind2=" " tag="SWD">
      <subfield code="s">Wohlfahrtspolitik</subfield>
      <subfield code="9">(DE-588)4055879-4</subfield>
    </datafield>
    <datafield ind1=" " ind2=" " tag="SWD">
      <subfield code="s">Einkommensverteilung</subfield>
      <subfield code="x">Gerechtigkeit</subfield>
      <subfield code="9">(DE-588)4127097-6</subfield>
    </datafield>
    <datafield ind1=" " ind2=" " tag="SWD">
      <subfield code="s">Verm&#xF6;gensverteilung</subfield>
      <subfield code="x">Gerechtigkeit</subfield>
      <subfield code="9">(DE-588)4127097-6</subfield>
    </datafield>
    <datafield ind1=" " ind2=" " tag="SWD">
      <subfield code="s">Distributive Gerechtigkeit</subfield>
      <subfield code="9">(DE-588)4127097-6</subfield>
    </datafield>
    <datafield ind1=" " ind2=" " tag="SWD">
      <subfield code="s">Iustitia distributiva</subfield>
      <subfield code="9">(DE-588)4127097-6</subfield>
    </datafield>
    <datafield ind1=" " ind2=" " tag="PER">
      <subfield code="p">Chaloupek, G&#xFC;nther</subfield>
      <subfield code="d">1947-</subfield>
      <subfield code="9">(DE-588)170211886</subfield>
    </datafield>
    <datafield ind1=" " ind2=" " tag="PER">
      <subfield code="p">Chaloupek, G.</subfield>
      <subfield code="d">1947-</subfield>
      <subfield code="9">(DE-588)170211886</subfield>
    </datafield>
    <datafield ind1=" " ind2=" " tag="PER">
      <subfield code="p">Chaloupek, G&#xFC;nther Karl</subfield>
      <subfield code="d">1947-</subfield>
      <subfield code="9">(DE-588)170211886</subfield>
    </datafield>
    <datafield ind1=" " ind2=" " tag="PER">
      <subfield code="p">Chaloupek, G&#xFC;nther</subfield>
      <subfield code="d">1947-</subfield>
      <subfield code="9">(DE-588)170211886</subfield>
    </datafield>
    <datafield ind1=" " ind2=" " tag="PER">
      <subfield code="p">Chaloupek, G.</subfield>
      <subfield code="d">1947-</subfield>
      <subfield code="9">(DE-588)170211886</subfield>
    </datafield>
    <datafield ind1=" " ind2=" " tag="PER">
      <subfield code="p">Chaloupek, G&#xFC;nther Karl</subfield>
      <subfield code="d">1947-</subfield>
      <subfield code="9">(DE-588)170211886</subfield>
    </datafield>
    <datafield ind1=" " ind2=" " tag="BKL">
      <subfield code="a">Einkommen</subfield>
    </datafield>
    <datafield ind1=" " ind2=" " tag="BKL">
      <subfield code="a">Besch&#xE4;ftigung</subfield>
    </datafield>
    <datafield ind1=" " ind2=" " tag="BKL">
      <subfield code="a">Arbeitsmarkt</subfield>
    </datafield>
    <datafield ind1=" " ind2=" " tag="BKL">
      <subfield code="a">general economic theory: income, labour market</subfield>
    </datafield>
    <datafield ind1=" " ind2=" " tag="BKL">
      <subfield code="a">general economic theory: income</subfield>
    </datafield>
    <datafield ind1=" " ind2=" " tag="BKL">
      <subfield code="a">general economic theory: labour market</subfield>
    </datafield>
    <datafield ind1=" " ind2=" " tag="BKL">
      <subfield code="a">income &lt;general economic theory&gt;</subfield>
    </datafield>
    <datafield ind1=" " ind2=" " tag="BKL">
      <subfield code="a">labour market &lt;general economic theory&gt;</subfield>
    </datafield>
    <datafield ind1=" " ind2=" " tag="BKL">
      <subfield code="a">Verteilung (Volkswirtschaft)</subfield>
    </datafield>
    <datafield ind1=" " ind2=" " tag="BKL">
      <subfield code="a">Lohn (Volkswirtschaft)</subfield>
    </datafield>
    <datafield ind1=" " ind2=" " tag="BKL">
      <subfield code="a">Eigentum (Volkswirtschaft)</subfield>
    </datafield>
    <datafield ind1=" " ind2=" " tag="BKL">
      <subfield code="a">Verm&#xF6;gen (Volkswirtschaft)</subfield>
    </datafield>
    <datafield ind1=" " ind2=" " tag="AVA">
      <subfield code="a">AKW50</subfield>
      <subfield code="b">XAW1</subfield>
      <subfield code="c">Hauptmagazin</subfield>
      <subfield code="d">B128241</subfield>
      <subfield code="e">available</subfield>
      <subfield code="t">Verf&#xFC;gbar</subfield>
      <subfield code="f">2</subfield>
      <subfield code="g">1</subfield>
      <subfield code="h">N</subfield>
      <subfield code="i">0</subfield>
      <subfield code="j">MAG1</subfield>
    </datafield>
    <datafield ind1="-" ind2="1" tag="Z30">
      <subfield code="1">XAW1</subfield>
      <subfield code="2">MAG1</subfield>
      <subfield code="3">B128241</subfield>
      <subfield code="g">14105</subfield>
    </datafield>
    <datafield ind1="-" ind2="1" tag="Z30">
      <subfield code="1">XAW1</subfield>
      <subfield code="2">MAG1</subfield>
      <subfield code="3">B128241</subfield>
      <subfield code="g">14105</subfield>
    </datafield>
  </record>
  <record>
    <leader>00665nM2.01000024------u</leader>
    <controlfield tag="LDR">00665nM2.01000024------u</controlfield>
    <controlfield tag="FMT">MU</controlfield>
    <datafield ind1="-" ind2="1" tag="001">
      <subfield code="a">AC05686485</subfield>
    </datafield>
    <datafield ind1="-" ind2="2" tag="001">
      <subfield code="a">AC00470658</subfield>
    </datafield>
    <datafield ind1="-" ind2="1" tag="010">
      <subfield code="a">AC00470658</subfield>
    </datafield>
    <datafield ind1="z" ind2="2" tag="025">
      <subfield code="a">ZDB-4263-8</subfield>
    </datafield>
    <controlfield tag="030">|zzzc||z|||||</controlfield>
    <datafield ind1="a" ind2="1" tag="036">
      <subfield code="a">GB</subfield>
    </datafield>
    <datafield ind1="a" ind2="2" tag="036">
      <subfield code="a">GB</subfield>
      <subfield code="a">US</subfield>
    </datafield>
    <datafield ind1="b" ind2="1" tag="037">
      <subfield code="a">eng</subfield>
    </datafield>
    <datafield ind1="b" ind2="2" tag="037">
      <subfield code="a">eng</subfield>
    </datafield>
    <controlfield tag="050">a|a|||||||||||</controlfield>
    <controlfield tag="051">s|||||||</controlfield>
    <datafield ind1="a" ind2="1" tag="070">
      <subfield code="a">BVB</subfield>
    </datafield>
    <datafield ind1="s" ind2="1" tag="076">
      <subfield code="a">11</subfield>
    </datafield>
    <datafield ind1="b" ind2="2" tag="086">
      <subfield code="a">B43158</subfield>
    </datafield>
    <datafield ind1="c" ind2="2" tag="086">
      <subfield code="a">PerLM</subfield>
    </datafield>
    <datafield ind1="-" ind2="1" tag="089">
      <subfield code="a">2003</subfield>
    </datafield>
    <datafield ind1="i" ind2="1" tag="090">
      <subfield code="a">2003</subfield>
    </datafield>
    <datafield ind1="-" ind2="1" tag="090">
      <subfield code="a">2003</subfield>
    </datafield>
    <datafield ind1="-" ind2="1" tag="331">
      <subfield code="a">Fighting identities</subfield>
    </datafield>
    <datafield ind1="-" ind2="2" tag="331">
      <subfield code="a">Socialist register</subfield>
    </datafield>
    <datafield ind1="-" ind2="1" tag="335">
      <subfield code="a">race, religion and ethno-nationalism</subfield>
    </datafield>
    <datafield ind1="a" ind2="2" tag="370">
      <subfield code="a">&lt;&lt;The&gt;&gt; socialist register</subfield>
    </datafield>
    <datafield ind1="-" ind2="2" tag="405">
      <subfield code="a">1.1964 -</subfield>
    </datafield>
    <datafield ind1="-" ind2="2" tag="410">
      <subfield code="a">London</subfield>
    </datafield>
    <datafield ind1="-" ind2="2" tag="412">
      <subfield code="a">Merlin Press</subfield>
    </datafield>
    <datafield ind1="-" ind2="2" tag="415">
      <subfield code="a">New York, NY</subfield>
    </datafield>
    <datafield ind1="-" ind2="2" tag="417">
      <subfield code="a">Monthly Review Press</subfield>
    </datafield>
    <datafield ind1="-" ind2="2" tag="418">
      <subfield code="a">Halifax</subfield>
      <subfield code="g">Fernwood Publ.</subfield>
    </datafield>
    <datafield ind1="-" ind2="2" tag="418">
      <subfield code="a">Rendlesham</subfield>
      <subfield code="g">Merlin Press</subfield>
      <subfield code="h">-1999</subfield>
    </datafield>
    <datafield ind1="-" ind2="2" tag="418">
      <subfield code="a">Atlantic Highlands, NJ</subfield>
      <subfield code="g">Humanities Press</subfield>
      <subfield code="h">-1999</subfield>
    </datafield>
    <datafield ind1="a" ind2="1" tag="425">
      <subfield code="a">2002</subfield>
    </datafield>
    <datafield ind1="b" ind2="2" tag="425">
      <subfield code="a">1964</subfield>
    </datafield>
    <datafield ind1="-" ind2="1" tag="433">
      <subfield code="a">X, 374 S.</subfield>
    </datafield>
    <datafield ind1="-" ind2="1" tag="434">
      <subfield code="a">graph. Darst.</subfield>
    </datafield>
    <datafield ind1="-" ind2="1" tag="455">
      <subfield code="a">2003</subfield>
    </datafield>
    <datafield ind1="-" ind2="1" tag="456">
      <subfield code="a">2003</subfield>
    </datafield>
    <datafield ind1="-" ind2="2" tag="507">
      <subfield code="a">Hauptsacht. bis 1984: The socialist register</subfield>
    </datafield>
    <datafield ind1="-" ind2="2" tag="523">
      <subfield code="a">Teils ohne Z&#xE4;hlung; ab 27.1991 Schriftenreihe</subfield>
    </datafield>
    <datafield ind1="z" ind2="2" tag="527">
      <subfield code="p">Online-Ausg. ---&gt;</subfield>
      <subfield code="a">Socialist register</subfield>
      <subfield code="9">2441683-6</subfield>
    </datafield>
    <datafield ind1="-" ind2="1" tag="540">
      <subfield code="a">0-85036-508-2</subfield>
    </datafield>
    <datafield ind1="-" ind2="1" tag="540">
      <subfield code="a">0-85036-507-4</subfield>
    </datafield>
    <datafield ind1="-" ind2="1" tag="540">
      <subfield code="a">1-58367-085-8</subfield>
    </datafield>
    <datafield ind1="-" ind2="1" tag="540">
      <subfield code="a">1-55266-087-7</subfield>
    </datafield>
    <datafield ind1="a" ind2="2" tag="542">
      <subfield code="a">0081-0606</subfield>
    </datafield>
    <datafield ind1="x" ind2="2" tag="700">
      <subfield code="a">335 Sozialismus und verwandte Systeme</subfield>
      <subfield code="c">22</subfield>
    </datafield>
    <datafield ind1="z" ind2="2" tag="700">
      <subfield code="a">695</subfield>
    </datafield>
    <datafield ind1="-" ind2="1" tag="SG1">
      <subfield code="a">200</subfield>
    </datafield>
    <datafield ind1="-" ind2="2" tag="SG1">
      <subfield code="a">200</subfield>
    </datafield>
    <datafield ind1="-" ind2="1" tag="902">
      <subfield code="s">Internationale Politik</subfield>
      <subfield code="9">(DE-588)4072885-7</subfield>
    </datafield>
    <datafield ind1="-" ind2="1" tag="902">
      <subfield code="s">Rassismus</subfield>
      <subfield code="9">(DE-588)4076527-1</subfield>
    </datafield>
    <datafield ind1="-" ind2="1" tag="902">
      <subfield code="s">Nationalismus</subfield>
      <subfield code="9">(DE-588)4041300-7</subfield>
    </datafield>
    <datafield ind1="-" ind2="1" tag="902">
      <subfield code="s">Religion</subfield>
      <subfield code="9">(DE-588)4049396-9</subfield>
    </datafield>
    <datafield ind1="-" ind2="1" tag="902">
      <subfield code="s">Arbeiterbewegung</subfield>
      <subfield code="9">(DE-588)4002581-0</subfield>
    </datafield>
    <datafield ind1="-" ind2="1" tag="902">
      <subfield code="f">Aufsatzsammlung</subfield>
    </datafield>
    <datafield ind1="-" ind2="2" tag="902">
      <subfield code="s">Soziologie</subfield>
      <subfield code="9">(DE-588)4077624-4</subfield>
    </datafield>
    <datafield ind1="-" ind2="2" tag="902">
      <subfield code="f">Aufsatzsammlung</subfield>
    </datafield>
    <datafield ind1="-" ind2="2" tag="907">
      <subfield code="s">Marxismus</subfield>
      <subfield code="9">(DE-588)4037764-7</subfield>
    </datafield>
    <datafield ind1="-" ind2="2" tag="907">
      <subfield code="f">Aufsatzsammlung</subfield>
    </datafield>
    <datafield ind1="-" ind2="2" tag="912">
      <subfield code="s">Sozialismus</subfield>
      <subfield code="9">(DE-588)4055785-6</subfield>
    </datafield>
    <datafield ind1="-" ind2="2" tag="912">
      <subfield code="f">Aufsatzsammlung</subfield>
    </datafield>
    <controlfield tag="SYS">000309552</controlfield>
    <datafield ind1=" " ind2=" " tag="SWD">
      <subfield code="s">Internationale Beziehungen</subfield>
      <subfield code="9">(DE-588)4072885-7</subfield>
    </datafield>
    <datafield ind1=" " ind2=" " tag="SWD">
      <subfield code="s">Politische Beziehungen</subfield>
      <subfield code="x">Internationale Politik</subfield>
      <subfield code="9">(DE-588)4072885-7</subfield>
    </datafield>
    <datafield ind1=" " ind2=" " tag="SWD">
      <subfield code="s">Zwischenstaatliche Beziehungen</subfield>
      <subfield code="9">(DE-588)4072885-7</subfield>
    </datafield>
    <datafield ind1=" " ind2=" " tag="SWD">
      <subfield code="s">Rassenideologie</subfield>
      <subfield code="9">(DE-588)4076527-1</subfield>
    </datafield>
    <datafield ind1=" " ind2=" " tag="SWD">
      <subfield code="s">Rassenwahn</subfield>
      <subfield code="9">(DE-588)4076527-1</subfield>
    </datafield>
    <datafield ind1=" " ind2=" " tag="SWD">
      <subfield code="s">Internationale Beziehungen</subfield>
      <subfield code="9">(DE-588)4072885-7</subfield>
    </datafield>
    <datafield ind1=" " ind2=" " tag="SWD">
      <subfield code="s">Politische Beziehungen</subfield>
      <subfield code="x">Internationale Politik</subfield>
      <subfield code="9">(DE-588)4072885-7</subfield>
    </datafield>
    <datafield ind1=" " ind2=" " tag="SWD">
      <subfield code="s">Zwischenstaatliche Beziehungen</subfield>
      <subfield code="9">(DE-588)4072885-7</subfield>
    </datafield>
    <datafield ind1=" " ind2=" " tag="SWD">
      <subfield code="s">Rassenideologie</subfield>
      <subfield code="9">(DE-588)4076527-1</subfield>
    </datafield>
    <datafield ind1=" " ind2=" " tag="SWD">
      <subfield code="s">Rassenwahn</subfield>
      <subfield code="9">(DE-588)4076527-1</subfield>
    </datafield>
    <datafield ind1=" " ind2=" " tag="SWD">
      <subfield code="s">Sozialistische Arbeiterbewegung</subfield>
      <subfield code="9">(DE-588)4002581-0</subfield>
    </datafield>
    <datafield ind1=" " ind2=" " tag="SWD">
      <subfield code="s">Sozialistische Arbeiterbewegung</subfield>
      <subfield code="9">(DE-588)4002581-0</subfield>
    </datafield>
    <datafield ind1=" " ind2=" " tag="AVA">
      <subfield code="a">AKW50</subfield>
      <subfield code="b">XAW1</subfield>
      <subfield code="c">Fortsetzungsmagazin</subfield>
      <subfield code="d">B43158/2003</subfield>
      <subfield code="e">available</subfield>
      <subfield code="t">Verf&#xFC;gbar</subfield>
      <subfield code="f">1</subfield>
      <subfield code="g">0</subfield>
      <subfield code="h">Y</subfield>
      <subfield code="i">0</subfield>
      <subfield code="j">MAG3</subfield>
    </datafield>
    <datafield ind1="-" ind2="2" tag="Z30">
      <subfield code="1">XAW1</subfield>
      <subfield code="2">MAG3</subfield>
      <subfield code="3">B43158/2003</subfield>
      <subfield code="b">2003</subfield>
      <subfield code="g">14508</subfield>
      <subfield code="h">2003</subfield>
    </datafield>
  </record>