
  <record>
    <leader>00767cM2.01200024------h</leader>
    <controlfield tag="LDR">00767cM2.01200024------h</controlfield>
    <controlfield tag="FMT">MH</controlfield>
    <datafield ind1="-" ind2="1" tag="001">
      <subfield code="a">AC02441051</subfield>
    </datafield>
    <datafield ind1="a" ind2="1" tag="025">
      <subfield code="a">982089732</subfield>
    </datafield>
    <datafield ind1="z" ind2="1" tag="025">
      <subfield code="a">2260404-2</subfield>
    </datafield>
    <controlfield tag="030">b|1dcz|z|||37</controlfield>
    <datafield ind1="a" ind2="1" tag="036">
      <subfield code="a">XA-AT</subfield>
    </datafield>
    <datafield ind1="b" ind2="1" tag="037">
      <subfield code="a">ger</subfield>
    </datafield>
    <controlfield tag="050">a|a|||||||||||</controlfield>
    <controlfield tag="052">p||||||zq||||||</controlfield>
    <datafield ind1="a" ind2="1" tag="070">
      <subfield code="a">DNB</subfield>
    </datafield>
    <datafield ind1="s" ind2="1" tag="076">
      <subfield code="a">09</subfield>
    </datafield>
    <datafield ind1="b" ind2="1" tag="086">
      <subfield code="a">C4565</subfield>
    </datafield>
    <datafield ind1="c" ind2="1" tag="086">
      <subfield code="a">ZSL 247</subfield>
    </datafield>
    <datafield ind1="b" ind2="1" tag="200">
      <subfield code="k">Bundeskammer f&#xFC;r Arbeiter und Angestellte</subfield>
      <subfield code="9">(DE-588)5060069-2</subfield>
    </datafield>
    <datafield ind1="-" ind2="1" tag="331">
      <subfield code="a">Gesundheit &amp; Soziales</subfield>
    </datafield>
    <datafield ind1="-" ind2="1" tag="335">
      <subfield code="a">Info</subfield>
    </datafield>
    <datafield ind1="-" ind2="1" tag="359">
      <subfield code="a">Bundeskammer f&#xFC;r Arbeiter und Angestellte</subfield>
    </datafield>
    <datafield ind1="a" ind2="1" tag="370">
      <subfield code="a">Gesundheit und Soziales</subfield>
    </datafield>
    <datafield ind1="a" ind2="1" tag="370">
      <subfield code="a">Info Gesundheit &amp; Soziales</subfield>
    </datafield>
    <datafield ind1="-" ind2="1" tag="405">
      <subfield code="a">1993 -</subfield>
    </datafield>
    <datafield ind1="-" ind2="1" tag="410">
      <subfield code="a">Wien</subfield>
    </datafield>
    <datafield ind1="-" ind2="1" tag="412">
      <subfield code="a">AK</subfield>
    </datafield>
    <datafield ind1="b" ind2="1" tag="425">
      <subfield code="a">1993</subfield>
    </datafield>
    <datafield ind1="-" ind2="1" tag="435">
      <subfield code="a">30 cm</subfield>
    </datafield>
    <datafield ind1="-" ind2="1" tag="507">
      <subfield code="a">Hauptsacht. bis 1995: Gesundheit und Soziales. - Nebent. ab 1996: Info Gesundheit &amp; Soziales</subfield>
    </datafield>
    <datafield ind1="-" ind2="1" tag="509">
      <subfield code="p">Urh. bis 1995</subfield>
      <subfield code="a">Kammer f&#xFC;r Arbeiter und Angestellte, AK</subfield>
    </datafield>
    <datafield ind1="-" ind2="1" tag="523">
      <subfield code="a">Ersch. viertelj&#xE4;hrl.</subfield>
    </datafield>
    <datafield ind1="-" ind2="1" tag="527">
      <subfield code="p">Internetausg.</subfield>
      <subfield code="a">Gesundheit &amp; Soziales</subfield>
      <subfield code="9">AC11632983</subfield>
    </datafield>
    <datafield ind1="z" ind2="1" tag="531">
      <subfield code="p">Vorg. ---&gt;</subfield>
      <subfield code="a">Kammer f&#xFC;r Arbeiter und Angestellte &lt;Wien&gt;: AK-Info Sozialversicherung</subfield>
      <subfield code="9">AC00959835</subfield>
    </datafield>
    <datafield ind1="x" ind2="1" tag="700">
      <subfield code="a">331.8 Gewerkschaften, Sozialpartnerschaft, Arbeiterbewegung</subfield>
      <subfield code="c">22</subfield>
    </datafield>
    <datafield ind1="x" ind2="1" tag="700">
      <subfield code="a">610 Medizin, Gesundheit</subfield>
      <subfield code="c">22</subfield>
    </datafield>
    <datafield ind1="z" ind2="1" tag="700">
      <subfield code="a">640</subfield>
    </datafield>
    <datafield ind1="b" ind2="1" tag="710">
      <subfield code="a">Wien</subfield>
    </datafield>
    <datafield ind1="a" ind2="1" tag="710">
      <subfield code="a">Arbeiterkammern</subfield>
    </datafield>
    <datafield ind1="a" ind2="1" tag="710">
      <subfield code="a">Gesundheitspolitik</subfield>
    </datafield>
    <datafield ind1="a" ind2="1" tag="710">
      <subfield code="a">Sozialpolitik</subfield>
    </datafield>
    <datafield ind1="f" ind2="1" tag="710">
      <subfield code="a">Zeitschriften</subfield>
    </datafield>
    <controlfield tag="SYS">000310196</controlfield>
    <datafield ind1=" " ind2="9" tag="071">
      <subfield code="a">AKW</subfield>
      <subfield code="2">XAW1</subfield>
    </datafield>
    <datafield ind1=" " ind2="9" tag="200">
      <subfield code="b">1990,1 -</subfield>
      <subfield code="c">[N=2006,4]</subfield>
      <subfield code="f">C4565</subfield>
      <subfield code="e">Ab 2014 nur aktueller Jahrgang - keine Archivierung</subfield>
      <subfield code="g">ZSL 247</subfield>
      <subfield code="2">AKW</subfield>
    </datafield>
    <datafield ind1=" " ind2="9" tag="NTU">
      <subfield code="a">FSW-Bestand</subfield>
      <subfield code="2">XAW1</subfield>
    </datafield>
    <datafield ind1=" " ind2="9" tag="OWN">
      <subfield code="a">XAW1</subfield>
    </datafield>
    <datafield ind1=" " ind2=" " tag="KOR">
      <subfield code="k">Bundesarbeitskammer</subfield>
      <subfield code="9">(DE-588)5060069-2</subfield>
    </datafield>
    <datafield ind1=" " ind2=" " tag="KOR">
      <subfield code="k">Bundeskammer f&#xFC;r Arbeiter und Angestellte f&#xFC;r Wien</subfield>
      <subfield code="9">(DE-588)5060069-2</subfield>
    </datafield>
    <datafield ind1=" " ind2=" " tag="KOR">
      <subfield code="k">BAK</subfield>
      <subfield code="9">(DE-588)5060069-2</subfield>
    </datafield>
    <datafield ind1=" " ind2=" " tag="KOR">
      <subfield code="k">AK</subfield>
      <subfield code="9">(DE-588)5060069-2</subfield>
    </datafield>
    <datafield ind1=" " ind2=" " tag="KOR">
      <subfield code="k">AK &#xD6;sterreich</subfield>
      <subfield code="9">(DE-588)5060069-2</subfield>
    </datafield>
    <datafield ind1=" " ind2=" " tag="KOR">
      <subfield code="k">Bundesarbeitskammer</subfield>
      <subfield code="9">(DE-588)5060069-2</subfield>
    </datafield>
    <datafield ind1=" " ind2=" " tag="KOR">
      <subfield code="k">Bundeskammer f&#xFC;r Arbeiter und Angestellte f&#xFC;r Wien</subfield>
      <subfield code="9">(DE-588)5060069-2</subfield>
    </datafield>
    <datafield ind1=" " ind2=" " tag="KOR">
      <subfield code="k">BAK</subfield>
      <subfield code="9">(DE-588)5060069-2</subfield>
    </datafield>
    <datafield ind1=" " ind2=" " tag="KOR">
      <subfield code="k">AK</subfield>
      <subfield code="9">(DE-588)5060069-2</subfield>
    </datafield>
    <datafield ind1=" " ind2=" " tag="KOR">
      <subfield code="k">AK &#xD6;sterreich</subfield>
      <subfield code="9">(DE-588)5060069-2</subfield>
    </datafield>
    <datafield ind1=" " ind2=" " tag="AVA">
      <subfield code="a">AKW50</subfield>
      <subfield code="b">XAW1</subfield>
      <subfield code="c">BP Magazin (l&#xE4;ngere Aushebezeiten)</subfield>
      <subfield code="d">C4565/2012-13</subfield>
      <subfield code="e">available</subfield>
      <subfield code="t">Verf&#xFC;gbar</subfield>
      <subfield code="f">4</subfield>
      <subfield code="g">0</subfield>
      <subfield code="h">Y</subfield>
      <subfield code="i">0</subfield>
      <subfield code="j">MAG4</subfield>
    </datafield>
    <datafield ind1="-" ind2="2" tag="Z30">
      <subfield code="1">XAW1</subfield>
      <subfield code="2">MAG4</subfield>
      <subfield code="3">C4565/1990-94</subfield>
      <subfield code="b">1990</subfield>
      <subfield code="c">1994</subfield>
      <subfield code="h">1990,Nr.1-1992,Nr.11; 1993-1994</subfield>
    </datafield>
    <datafield ind1="-" ind2="2" tag="Z30">
      <subfield code="1">XAW1</subfield>
      <subfield code="2">MAG4</subfield>
      <subfield code="3">C4565/1995-2000</subfield>
      <subfield code="b">1995</subfield>
      <subfield code="c">2000</subfield>
      <subfield code="h">1995-2000</subfield>
    </datafield>
    <datafield ind1="-" ind2="2" tag="Z30">
      <subfield code="1">XAW1</subfield>
      <subfield code="2">MAG4</subfield>
      <subfield code="3">C4565/2001-11</subfield>
      <subfield code="b">2001</subfield>
      <subfield code="c">2011</subfield>
      <subfield code="h">2001-2011</subfield>
    </datafield>
    <datafield ind1="-" ind2="2" tag="Z30">
      <subfield code="1">XAW1</subfield>
      <subfield code="2">MAG4</subfield>
      <subfield code="3">C4565/2012-13</subfield>
      <subfield code="b">2012</subfield>
      <subfield code="c">2013</subfield>
      <subfield code="h">2012-13</subfield>
    </datafield>
  </record>
  <record>
    <leader>00000nM2.01200024------u</leader>
    <controlfield tag="LDR">00000nM2.01200024------u</controlfield>
    <controlfield tag="FMT">MU</controlfield>
    <datafield ind1="-" ind2="1" tag="001">
      <subfield code="a">AC05730995</subfield>
    </datafield>
    <datafield ind1="-" ind2="2" tag="001">
      <subfield code="a">AC00470658</subfield>
    </datafield>
    <datafield ind1="-" ind2="1" tag="010">
      <subfield code="a">AC00470658</subfield>
    </datafield>
    <datafield ind1="z" ind2="2" tag="025">
      <subfield code="a">ZDB-4263-8</subfield>
    </datafield>
    <controlfield tag="030">a|1ucr|||||||</controlfield>
    <datafield ind1="a" ind2="1" tag="036">
      <subfield code="a">DE</subfield>
    </datafield>
    <datafield ind1="a" ind2="2" tag="036">
      <subfield code="a">GB</subfield>
      <subfield code="a">US</subfield>
    </datafield>
    <datafield ind1="b" ind2="1" tag="037">
      <subfield code="a">ger</subfield>
    </datafield>
    <datafield ind1="b" ind2="2" tag="037">
      <subfield code="a">eng</subfield>
    </datafield>
    <controlfield tag="050">a|a|||||||||||</controlfield>
    <controlfield tag="051">a|||||||</controlfield>
    <datafield ind1="s" ind2="1" tag="076">
      <subfield code="a">09</subfield>
    </datafield>
    <datafield ind1="b" ind2="2" tag="086">
      <subfield code="a">B43158</subfield>
    </datafield>
    <datafield ind1="c" ind2="2" tag="086">
      <subfield code="a">PerLM</subfield>
    </datafield>
    <datafield ind1="-" ind2="1" tag="089">
      <subfield code="a">1984</subfield>
    </datafield>
    <datafield ind1="i" ind2="1" tag="090">
      <subfield code="a">1984</subfield>
    </datafield>
    <datafield ind1="-" ind2="1" tag="090">
      <subfield code="a">1984</subfield>
    </datafield>
    <datafield ind1="-" ind2="1" tag="331">
      <subfield code="a">&lt;&lt;The&gt;&gt; uses of anti-communism</subfield>
    </datafield>
    <datafield ind1="-" ind2="2" tag="331">
      <subfield code="a">Socialist register</subfield>
    </datafield>
    <datafield ind1="a" ind2="2" tag="370">
      <subfield code="a">&lt;&lt;The&gt;&gt; socialist register</subfield>
    </datafield>
    <datafield ind1="-" ind2="2" tag="405">
      <subfield code="a">1.1964 -</subfield>
    </datafield>
    <datafield ind1="-" ind2="2" tag="410">
      <subfield code="a">London</subfield>
    </datafield>
    <datafield ind1="-" ind2="2" tag="412">
      <subfield code="a">Merlin Press</subfield>
    </datafield>
    <datafield ind1="-" ind2="2" tag="415">
      <subfield code="a">New York, NY</subfield>
    </datafield>
    <datafield ind1="-" ind2="2" tag="417">
      <subfield code="a">Monthly Review Press</subfield>
    </datafield>
    <datafield ind1="-" ind2="2" tag="418">
      <subfield code="a">Halifax</subfield>
      <subfield code="g">Fernwood Publ.</subfield>
    </datafield>
    <datafield ind1="-" ind2="2" tag="418">
      <subfield code="a">Rendlesham</subfield>
      <subfield code="g">Merlin Press</subfield>
      <subfield code="h">-1999</subfield>
    </datafield>
    <datafield ind1="-" ind2="2" tag="418">
      <subfield code="a">Atlantic Highlands, NJ</subfield>
      <subfield code="g">Humanities Press</subfield>
      <subfield code="h">-1999</subfield>
    </datafield>
    <datafield ind1="a" ind2="1" tag="425">
      <subfield code="a">1984</subfield>
    </datafield>
    <datafield ind1="b" ind2="2" tag="425">
      <subfield code="a">1964</subfield>
    </datafield>
    <datafield ind1="-" ind2="1" tag="433">
      <subfield code="a">Getr. Z&#xE4;hlung</subfield>
    </datafield>
    <datafield ind1="-" ind2="1" tag="455">
      <subfield code="a">1984</subfield>
    </datafield>
    <datafield ind1="-" ind2="1" tag="456">
      <subfield code="a">1984</subfield>
    </datafield>
    <datafield ind1="-" ind2="2" tag="507">
      <subfield code="a">Hauptsacht. bis 1984: The socialist register</subfield>
    </datafield>
    <datafield ind1="-" ind2="2" tag="523">
      <subfield code="a">Teils ohne Z&#xE4;hlung; ab 27.1991 Schriftenreihe</subfield>
    </datafield>
    <datafield ind1="z" ind2="2" tag="527">
      <subfield code="p">Online-Ausg. ---&gt;</subfield>
      <subfield code="a">Socialist register</subfield>
      <subfield code="9">2441683-6</subfield>
    </datafield>
    <datafield ind1="a" ind2="1" tag="540">
      <subfield code="a">0-85036-324-1</subfield>
    </datafield>
    <datafield ind1="-" ind2="1" tag="540">
      <subfield code="a">0-85036-325-X</subfield>
    </datafield>
    <datafield ind1="a" ind2="2" tag="542">
      <subfield code="a">0081-0606</subfield>
    </datafield>
    <datafield ind1="x" ind2="2" tag="700">
      <subfield code="a">335 Sozialismus und verwandte Systeme</subfield>
      <subfield code="c">22</subfield>
    </datafield>
    <datafield ind1="z" ind2="2" tag="700">
      <subfield code="a">695</subfield>
    </datafield>
    <datafield ind1="-" ind2="1" tag="710">
      <subfield code="a">Krieg, Kalter - Antikommunismus</subfield>
    </datafield>
    <datafield ind1="-" ind2="1" tag="SG1">
      <subfield code="a">200</subfield>
    </datafield>
    <datafield ind1="-" ind2="2" tag="SG1">
      <subfield code="a">200</subfield>
    </datafield>
    <datafield ind1="-" ind2="2" tag="902">
      <subfield code="s">Soziologie</subfield>
      <subfield code="9">(DE-588)4077624-4</subfield>
    </datafield>
    <datafield ind1="-" ind2="2" tag="902">
      <subfield code="f">Aufsatzsammlung</subfield>
    </datafield>
    <datafield ind1="-" ind2="2" tag="907">
      <subfield code="s">Marxismus</subfield>
      <subfield code="9">(DE-588)4037764-7</subfield>
    </datafield>
    <datafield ind1="-" ind2="2" tag="907">
      <subfield code="f">Aufsatzsammlung</subfield>
    </datafield>
    <datafield ind1="-" ind2="2" tag="912">
      <subfield code="s">Sozialismus</subfield>
      <subfield code="9">(DE-588)4055785-6</subfield>
    </datafield>
    <datafield ind1="-" ind2="2" tag="912">
      <subfield code="f">Aufsatzsammlung</subfield>
    </datafield>
    <controlfield tag="SYS">000310235</controlfield>
    <datafield ind1=" " ind2=" " tag="AVA">
      <subfield code="a">AKW50</subfield>
      <subfield code="b">XAW1</subfield>
      <subfield code="c">Fortsetzungsmagazin</subfield>
      <subfield code="d">B43158/1984</subfield>
      <subfield code="e">available</subfield>
      <subfield code="t">Verf&#xFC;gbar</subfield>
      <subfield code="f">1</subfield>
      <subfield code="g">0</subfield>
      <subfield code="h">Y</subfield>
      <subfield code="i">0</subfield>
      <subfield code="j">MAG3</subfield>
    </datafield>
    <datafield ind1="-" ind2="2" tag="Z30">
      <subfield code="1">XAW1</subfield>
      <subfield code="2">MAG3</subfield>
      <subfield code="3">B43158/1984</subfield>
      <subfield code="b">1984</subfield>
      <subfield code="h">1984</subfield>
    </datafield>
  </record>
  <record>
    <leader>00000nM2.01200024------u</leader>
    <controlfield tag="LDR">00000nM2.01200024------u</controlfield>
    <controlfield tag="FMT">MU</controlfield>
    <datafield ind1="-" ind2="1" tag="001">
      <subfield code="a">AC05731124</subfield>
    </datafield>
    <datafield ind1="-" ind2="2" tag="001">
      <subfield code="a">AC00470658</subfield>
    </datafield>
    <datafield ind1="-" ind2="1" tag="010">
      <subfield code="a">AC00470658</subfield>
    </datafield>
    <datafield ind1="z" ind2="2" tag="025">
      <subfield code="a">ZDB-4263-8</subfield>
    </datafield>
    <controlfield tag="030">a|1ucr|||||||</controlfield>
    <datafield ind1="a" ind2="1" tag="036">
      <subfield code="a">DE</subfield>
    </datafield>
    <datafield ind1="a" ind2="2" tag="036">
      <subfield code="a">GB</subfield>
      <subfield code="a">US</subfield>
    </datafield>
    <datafield ind1="b" ind2="1" tag="037">
      <subfield code="a">ger</subfield>
    </datafield>
    <datafield ind1="b" ind2="2" tag="037">
      <subfield code="a">eng</subfield>
    </datafield>
    <controlfield tag="050">a|a|||||||||||</controlfield>
    <controlfield tag="051">a|||||||</controlfield>
    <datafield ind1="s" ind2="1" tag="076">
      <subfield code="a">09</subfield>
    </datafield>
    <datafield ind1="b" ind2="2" tag="086">
      <subfield code="a">B43158</subfield>
    </datafield>
    <datafield ind1="c" ind2="2" tag="086">
      <subfield code="a">PerLM</subfield>
    </datafield>
    <datafield ind1="-" ind2="1" tag="089">
      <subfield code="a">1985-1986</subfield>
    </datafield>
    <datafield ind1="i" ind2="1" tag="090">
      <subfield code="a">1985</subfield>
      <subfield code="b">1986</subfield>
    </datafield>
    <datafield ind1="-" ind2="1" tag="090">
      <subfield code="a">1985-1986</subfield>
    </datafield>
    <datafield ind1="-" ind2="1" tag="331">
      <subfield code="a">Social democracy and after</subfield>
    </datafield>
    <datafield ind1="-" ind2="2" tag="331">
      <subfield code="a">Socialist register</subfield>
    </datafield>
    <datafield ind1="a" ind2="2" tag="370">
      <subfield code="a">&lt;&lt;The&gt;&gt; socialist register</subfield>
    </datafield>
    <datafield ind1="-" ind2="2" tag="405">
      <subfield code="a">1.1964 -</subfield>
    </datafield>
    <datafield ind1="-" ind2="2" tag="410">
      <subfield code="a">London</subfield>
    </datafield>
    <datafield ind1="-" ind2="2" tag="412">
      <subfield code="a">Merlin Press</subfield>
    </datafield>
    <datafield ind1="-" ind2="2" tag="415">
      <subfield code="a">New York, NY</subfield>
    </datafield>
    <datafield ind1="-" ind2="2" tag="417">
      <subfield code="a">Monthly Review Press</subfield>
    </datafield>
    <datafield ind1="-" ind2="2" tag="418">
      <subfield code="a">Halifax</subfield>
      <subfield code="g">Fernwood Publ.</subfield>
    </datafield>
    <datafield ind1="-" ind2="2" tag="418">
      <subfield code="a">Rendlesham</subfield>
      <subfield code="g">Merlin Press</subfield>
      <subfield code="h">-1999</subfield>
    </datafield>
    <datafield ind1="-" ind2="2" tag="418">
      <subfield code="a">Atlantic Highlands, NJ</subfield>
      <subfield code="g">Humanities Press</subfield>
      <subfield code="h">-1999</subfield>
    </datafield>
    <datafield ind1="a" ind2="1" tag="425">
      <subfield code="a">1986</subfield>
    </datafield>
    <datafield ind1="b" ind2="2" tag="425">
      <subfield code="a">1964</subfield>
    </datafield>
    <datafield ind1="-" ind2="1" tag="433">
      <subfield code="a">Getr. Z&#xE4;hlung</subfield>
    </datafield>
    <datafield ind1="-" ind2="1" tag="455">
      <subfield code="a">1985</subfield>
    </datafield>
    <datafield ind1="-" ind2="1" tag="456">
      <subfield code="a">1985</subfield>
    </datafield>
    <datafield ind1="-" ind2="2" tag="507">
      <subfield code="a">Hauptsacht. bis 1984: The socialist register</subfield>
    </datafield>
    <datafield ind1="-" ind2="2" tag="523">
      <subfield code="a">Teils ohne Z&#xE4;hlung; ab 27.1991 Schriftenreihe</subfield>
    </datafield>
    <datafield ind1="z" ind2="2" tag="527">
      <subfield code="p">Online-Ausg. ---&gt;</subfield>
      <subfield code="a">Socialist register</subfield>
      <subfield code="9">2441683-6</subfield>
    </datafield>
    <datafield ind1="a" ind2="1" tag="540">
      <subfield code="a">0-85036-339-X</subfield>
    </datafield>
    <datafield ind1="a" ind2="2" tag="542">
      <subfield code="a">0081-0606</subfield>
    </datafield>
    <datafield ind1="-" ind2="1" tag="590">
      <subfield code="a">&lt;&lt;The&gt;&gt; socialist register ; 1985-1986</subfield>
    </datafield>
    <datafield ind1="-" ind2="1" tag="594">
      <subfield code="a">Stuttgart</subfield>
    </datafield>
    <datafield ind1="-" ind2="1" tag="595">
      <subfield code="a">1985-1986</subfield>
    </datafield>
    <datafield ind1="a" ind2="1" tag="596">
      <subfield code="a">1985-1986</subfield>
    </datafield>
    <datafield ind1="x" ind2="2" tag="700">
      <subfield code="a">335 Sozialismus und verwandte Systeme</subfield>
      <subfield code="c">22</subfield>
    </datafield>
    <datafield ind1="z" ind2="2" tag="700">
      <subfield code="a">695</subfield>
    </datafield>
    <datafield ind1="-" ind2="1" tag="SG1">
      <subfield code="a">200</subfield>
    </datafield>
    <datafield ind1="-" ind2="2" tag="SG1">
      <subfield code="a">200</subfield>
    </datafield>
    <datafield ind1="-" ind2="2" tag="902">
      <subfield code="s">Soziologie</subfield>
      <subfield code="9">(DE-588)4077624-4</subfield>
    </datafield>
    <datafield ind1="-" ind2="2" tag="902">
      <subfield code="f">Aufsatzsammlung</subfield>
    </datafield>
    <datafield ind1="-" ind2="2" tag="907">
      <subfield code="s">Marxismus</subfield>
      <subfield code="9">(DE-588)4037764-7</subfield>
    </datafield>
    <datafield ind1="-" ind2="2" tag="907">
      <subfield code="f">Aufsatzsammlung</subfield>
    </datafield>
    <datafield ind1="-" ind2="2" tag="912">
      <subfield code="s">Sozialismus</subfield>
      <subfield code="9">(DE-588)4055785-6</subfield>
    </datafield>
    <datafield ind1="-" ind2="2" tag="912">
      <subfield code="f">Aufsatzsammlung</subfield>
    </datafield>
    <controlfield tag="SYS">000310237</controlfield>
    <datafield ind1=" " ind2=" " tag="AVA">
      <subfield code="a">AKW50</subfield>
      <subfield code="b">XAW1</subfield>
      <subfield code="c">Fortsetzungsmagazin</subfield>
      <subfield code="d">B43158/1985-86</subfield>
      <subfield code="e">available</subfield>
      <subfield code="t">Verf&#xFC;gbar</subfield>
      <subfield code="f">1</subfield>
      <subfield code="g">0</subfield>
      <subfield code="h">Y</subfield>
      <subfield code="i">0</subfield>
      <subfield code="j">MAG3</subfield>
    </datafield>
    <datafield ind1="-" ind2="2" tag="Z30">
      <subfield code="1">XAW1</subfield>
      <subfield code="2">MAG3</subfield>
      <subfield code="3">B43158/1985-86</subfield>
      <subfield code="b">1985</subfield>
      <subfield code="c">1986</subfield>
      <subfield code="h">1985/86</subfield>
    </datafield>
  </record>
  <record>
    <leader>00000nM2.01200024------u</leader>
    <controlfield tag="LDR">00000nM2.01200024------u</controlfield>
    <controlfield tag="FMT">MU</controlfield>
    <datafield ind1="-" ind2="1" tag="001">
      <subfield code="a">AC05731168</subfield>
    </datafield>
    <datafield ind1="-" ind2="2" tag="001">
      <subfield code="a">AC00470658</subfield>
    </datafield>
    <datafield ind1="-" ind2="1" tag="010">
      <subfield code="a">AC00470658</subfield>
    </datafield>
    <datafield ind1="z" ind2="2" tag="025">
      <subfield code="a">ZDB-4263-8</subfield>
    </datafield>
    <controlfield tag="030">a|1ucr|||||||</controlfield>
    <datafield ind1="a" ind2="1" tag="036">
      <subfield code="a">DE</subfield>
    </datafield>
    <datafield ind1="a" ind2="2" tag="036">
      <subfield code="a">GB</subfield>
      <subfield code="a">US</subfield>
    </datafield>
    <datafield ind1="b" ind2="1" tag="037">
      <subfield code="a">ger</subfield>
    </datafield>
    <datafield ind1="b" ind2="2" tag="037">
      <subfield code="a">eng</subfield>
    </datafield>
    <controlfield tag="050">a|a|||||||||||</controlfield>
    <controlfield tag="051">a|||||||</controlfield>
    <datafield ind1="s" ind2="1" tag="076">
      <subfield code="a">09</subfield>
    </datafield>
    <datafield ind1="b" ind2="2" tag="086">
      <subfield code="a">B43158</subfield>
    </datafield>
    <datafield ind1="c" ind2="2" tag="086">
      <subfield code="a">PerLM</subfield>
    </datafield>
    <datafield ind1="-" ind2="1" tag="089">
      <subfield code="a">1995</subfield>
    </datafield>
    <datafield ind1="-" ind2="1" tag="090">
      <subfield code="a">1995</subfield>
    </datafield>
    <datafield ind1="i" ind2="1" tag="090">
      <subfield code="a">1995</subfield>
    </datafield>
    <datafield ind1="-" ind2="1" tag="331">
      <subfield code="a">Why not capitalism</subfield>
    </datafield>
    <datafield ind1="-" ind2="2" tag="331">
      <subfield code="a">Socialist register</subfield>
    </datafield>
    <datafield ind1="a" ind2="2" tag="370">
      <subfield code="a">&lt;&lt;The&gt;&gt; socialist register</subfield>
    </datafield>
    <datafield ind1="-" ind2="2" tag="405">
      <subfield code="a">1.1964 -</subfield>
    </datafield>
    <datafield ind1="-" ind2="2" tag="410">
      <subfield code="a">London</subfield>
    </datafield>
    <datafield ind1="-" ind2="2" tag="412">
      <subfield code="a">Merlin Press</subfield>
    </datafield>
    <datafield ind1="-" ind2="2" tag="415">
      <subfield code="a">New York, NY</subfield>
    </datafield>
    <datafield ind1="-" ind2="2" tag="417">
      <subfield code="a">Monthly Review Press</subfield>
    </datafield>
    <datafield ind1="-" ind2="2" tag="418">
      <subfield code="a">Halifax</subfield>
      <subfield code="g">Fernwood Publ.</subfield>
    </datafield>
    <datafield ind1="-" ind2="2" tag="418">
      <subfield code="a">Rendlesham</subfield>
      <subfield code="g">Merlin Press</subfield>
      <subfield code="h">-1999</subfield>
    </datafield>
    <datafield ind1="-" ind2="2" tag="418">
      <subfield code="a">Atlantic Highlands, NJ</subfield>
      <subfield code="g">Humanities Press</subfield>
      <subfield code="h">-1999</subfield>
    </datafield>
    <datafield ind1="a" ind2="1" tag="425">
      <subfield code="a">1995</subfield>
    </datafield>
    <datafield ind1="b" ind2="2" tag="425">
      <subfield code="a">1964</subfield>
    </datafield>
    <datafield ind1="-" ind2="1" tag="433">
      <subfield code="a">Getr. Z&#xE4;hlung</subfield>
    </datafield>
    <datafield ind1="-" ind2="1" tag="455">
      <subfield code="a">1995</subfield>
    </datafield>
    <datafield ind1="-" ind2="1" tag="456">
      <subfield code="a">1995</subfield>
    </datafield>
    <datafield ind1="-" ind2="2" tag="507">
      <subfield code="a">Hauptsacht. bis 1984: The socialist register</subfield>
    </datafield>
    <datafield ind1="-" ind2="2" tag="523">
      <subfield code="a">Teils ohne Z&#xE4;hlung; ab 27.1991 Schriftenreihe</subfield>
    </datafield>
    <datafield ind1="z" ind2="2" tag="527">
      <subfield code="p">Online-Ausg. ---&gt;</subfield>
      <subfield code="a">Socialist register</subfield>
      <subfield code="9">2441683-6</subfield>
    </datafield>
    <datafield ind1="a" ind2="1" tag="540">
      <subfield code="a">0-85036-449-3</subfield>
    </datafield>
    <datafield ind1="-" ind2="1" tag="540">
      <subfield code="a">0-85036-448-5</subfield>
    </datafield>
    <datafield ind1="a" ind2="2" tag="542">
      <subfield code="a">0081-0606</subfield>
    </datafield>
    <datafield ind1="i" ind2="1" tag="596">
      <subfield code="a">1995</subfield>
    </datafield>
    <datafield ind1="x" ind2="2" tag="700">
      <subfield code="a">335 Sozialismus und verwandte Systeme</subfield>
      <subfield code="c">22</subfield>
    </datafield>
    <datafield ind1="z" ind2="2" tag="700">
      <subfield code="a">695</subfield>
    </datafield>
    <datafield ind1="a" ind2="1" tag="710">
      <subfield code="a">Kapitalismus</subfield>
    </datafield>
    <datafield ind1="a" ind2="1" tag="710">
      <subfield code="a">Sozialismus</subfield>
    </datafield>
    <datafield ind1="a" ind2="1" tag="710">
      <subfield code="a">Linke, Neue</subfield>
    </datafield>
    <datafield ind1="a" ind2="1" tag="710">
      <subfield code="a">Kapitalismus</subfield>
    </datafield>
    <datafield ind1="a" ind2="1" tag="710">
      <subfield code="a">Bewegungen, soziale</subfield>
    </datafield>
    <datafield ind1="a" ind2="1" tag="710">
      <subfield code="a">Kapitalismus</subfield>
    </datafield>
    <datafield ind1="a" ind2="1" tag="710">
      <subfield code="a">Geschichte 20.Jh.</subfield>
    </datafield>
    <datafield ind1="a" ind2="1" tag="710">
      <subfield code="a">Sozialismus</subfield>
    </datafield>
    <datafield ind1="f" ind2="1" tag="710">
      <subfield code="a">Aufs&#xE4;tze</subfield>
    </datafield>
    <datafield ind1="a" ind2="1" tag="710">
      <subfield code="a">Sozialismus</subfield>
    </datafield>
    <datafield ind1="a" ind2="1" tag="710">
      <subfield code="a">Kapitalismus</subfield>
    </datafield>
    <datafield ind1="a" ind2="1" tag="710">
      <subfield code="a">Linke, Neue</subfield>
    </datafield>
    <datafield ind1="a" ind2="1" tag="710">
      <subfield code="a">Bewegungen, soziale</subfield>
    </datafield>
    <datafield ind1="a" ind2="1" tag="710">
      <subfield code="a">Kapitalismus</subfield>
    </datafield>
    <datafield ind1="a" ind2="1" tag="710">
      <subfield code="a">Geschichte 20.Jh.</subfield>
    </datafield>
    <datafield ind1="a" ind2="1" tag="710">
      <subfield code="a">Linke, Neue</subfield>
    </datafield>
    <datafield ind1="f" ind2="1" tag="710">
      <subfield code="a">Aufs&#xE4;tze</subfield>
    </datafield>
    <datafield ind1="a" ind2="1" tag="710">
      <subfield code="a">Sozialismus</subfield>
    </datafield>
    <datafield ind1="a" ind2="1" tag="710">
      <subfield code="a">Bewegungen, soziale</subfield>
    </datafield>
    <datafield ind1="a" ind2="1" tag="710">
      <subfield code="a">Geschichte 20.Jh.</subfield>
    </datafield>
    <datafield ind1="a" ind2="1" tag="710">
      <subfield code="a">Sozialismus</subfield>
    </datafield>
    <datafield ind1="a" ind2="1" tag="710">
      <subfield code="a">Linke, Neue</subfield>
    </datafield>
    <datafield ind1="f" ind2="1" tag="710">
      <subfield code="a">Aufs&#xE4;tze</subfield>
    </datafield>
    <datafield ind1="a" ind2="1" tag="710">
      <subfield code="a">Linke, Neue</subfield>
    </datafield>
    <datafield ind1="a" ind2="1" tag="710">
      <subfield code="a">Bewegungen, soziale</subfield>
    </datafield>
    <datafield ind1="a" ind2="1" tag="710">
      <subfield code="a">Bewegungen, soziale</subfield>
    </datafield>
    <datafield ind1="a" ind2="1" tag="710">
      <subfield code="a">Geschichte 20.Jh.</subfield>
    </datafield>
    <datafield ind1="a" ind2="1" tag="710">
      <subfield code="a">Geschichte 20.Jh.</subfield>
    </datafield>
    <datafield ind1="f" ind2="1" tag="710">
      <subfield code="a">Aufs&#xE4;tze</subfield>
    </datafield>
    <datafield ind1="f" ind2="1" tag="710">
      <subfield code="a">Aufs&#xE4;tze</subfield>
    </datafield>
    <datafield ind1="-" ind2="1" tag="SG1">
      <subfield code="a">200</subfield>
    </datafield>
    <datafield ind1="-" ind2="2" tag="SG1">
      <subfield code="a">200</subfield>
    </datafield>
    <datafield ind1="-" ind2="2" tag="902">
      <subfield code="s">Soziologie</subfield>
      <subfield code="9">(DE-588)4077624-4</subfield>
    </datafield>
    <datafield ind1="-" ind2="2" tag="902">
      <subfield code="f">Aufsatzsammlung</subfield>
    </datafield>
    <datafield ind1="-" ind2="2" tag="907">
      <subfield code="s">Marxismus</subfield>
      <subfield code="9">(DE-588)4037764-7</subfield>
    </datafield>
    <datafield ind1="-" ind2="2" tag="907">
      <subfield code="f">Aufsatzsammlung</subfield>
    </datafield>
    <datafield ind1="-" ind2="2" tag="912">
      <subfield code="s">Sozialismus</subfield>
      <subfield code="9">(DE-588)4055785-6</subfield>
    </datafield>
    <datafield ind1="-" ind2="2" tag="912">
      <subfield code="f">Aufsatzsammlung</subfield>
    </datafield>
    <controlfield tag="SYS">000310238</controlfield>
    <datafield ind1=" " ind2=" " tag="AVA">
      <subfield code="a">AKW50</subfield>
      <subfield code="b">XAW1</subfield>
      <subfield code="c">Fortsetzungsmagazin</subfield>
      <subfield code="d">B43158/1995</subfield>
      <subfield code="e">available</subfield>
      <subfield code="t">Verf&#xFC;gbar</subfield>
      <subfield code="f">1</subfield>
      <subfield code="g">0</subfield>
      <subfield code="h">Y</subfield>
      <subfield code="i">0</subfield>
      <subfield code="j">MAG3</subfield>
    </datafield>
    <datafield ind1="-" ind2="2" tag="Z30">
      <subfield code="1">XAW1</subfield>
      <subfield code="2">MAG3</subfield>
      <subfield code="3">B43158/1995</subfield>
      <subfield code="b">1995</subfield>
      <subfield code="h">1995</subfield>
    </datafield>
  </record>
  <record>
    <leader>00000nM2.01200024------u</leader>
    <controlfield tag="LDR">00000nM2.01200024------u</controlfield>
    <controlfield tag="FMT">MU</controlfield>
    <datafield ind1="-" ind2="1" tag="001">
      <subfield code="a">AC05744368</subfield>
    </datafield>
    <datafield ind1="-" ind2="2" tag="001">
      <subfield code="a">AC00470658</subfield>
    </datafield>
    <datafield ind1="-" ind2="1" tag="010">
      <subfield code="a">AC00470658</subfield>
    </datafield>
    <datafield ind1="z" ind2="2" tag="025">
      <subfield code="a">ZDB-4263-8</subfield>
    </datafield>
    <controlfield tag="030">a|1ucr|||||||</controlfield>
    <datafield ind1="a" ind2="1" tag="036">
      <subfield code="a">GB</subfield>
    </datafield>
    <datafield ind1="a" ind2="2" tag="036">
      <subfield code="a">GB</subfield>
      <subfield code="a">US</subfield>
    </datafield>
    <datafield ind1="b" ind2="1" tag="037">
      <subfield code="a">eng</subfield>
    </datafield>
    <datafield ind1="b" ind2="2" tag="037">
      <subfield code="a">eng</subfield>
    </datafield>
    <controlfield tag="050">a|a|||||||||||</controlfield>
    <controlfield tag="051">a|||||||</controlfield>
    <datafield ind1="s" ind2="1" tag="076">
      <subfield code="a">09</subfield>
    </datafield>
    <datafield ind1="b" ind2="2" tag="086">
      <subfield code="a">B43158</subfield>
    </datafield>
    <datafield ind1="c" ind2="2" tag="086">
      <subfield code="a">PerLM</subfield>
    </datafield>
    <datafield ind1="-" ind2="1" tag="089">
      <subfield code="a">2007</subfield>
    </datafield>
    <datafield ind1="i" ind2="1" tag="090">
      <subfield code="a">2007</subfield>
    </datafield>
    <datafield ind1="-" ind2="1" tag="090">
      <subfield code="a">2007</subfield>
    </datafield>
    <datafield ind1="-" ind2="1" tag="331">
      <subfield code="a">Coming to terms with nature</subfield>
    </datafield>
    <datafield ind1="-" ind2="2" tag="331">
      <subfield code="a">Socialist register</subfield>
    </datafield>
    <datafield ind1="a" ind2="2" tag="370">
      <subfield code="a">&lt;&lt;The&gt;&gt; socialist register</subfield>
    </datafield>
    <datafield ind1="-" ind2="2" tag="405">
      <subfield code="a">1.1964 -</subfield>
    </datafield>
    <datafield ind1="-" ind2="2" tag="410">
      <subfield code="a">London</subfield>
    </datafield>
    <datafield ind1="-" ind2="2" tag="412">
      <subfield code="a">Merlin Press</subfield>
    </datafield>
    <datafield ind1="-" ind2="2" tag="415">
      <subfield code="a">New York, NY</subfield>
    </datafield>
    <datafield ind1="-" ind2="2" tag="417">
      <subfield code="a">Monthly Review Press</subfield>
    </datafield>
    <datafield ind1="-" ind2="2" tag="418">
      <subfield code="a">Halifax</subfield>
      <subfield code="g">Fernwood Publ.</subfield>
    </datafield>
    <datafield ind1="-" ind2="2" tag="418">
      <subfield code="a">Rendlesham</subfield>
      <subfield code="g">Merlin Press</subfield>
      <subfield code="h">-1999</subfield>
    </datafield>
    <datafield ind1="-" ind2="2" tag="418">
      <subfield code="a">Atlantic Highlands, NJ</subfield>
      <subfield code="g">Humanities Press</subfield>
      <subfield code="h">-1999</subfield>
    </datafield>
    <datafield ind1="a" ind2="1" tag="425">
      <subfield code="a">2006</subfield>
    </datafield>
    <datafield ind1="b" ind2="2" tag="425">
      <subfield code="a">1964</subfield>
    </datafield>
    <datafield ind1="-" ind2="1" tag="433">
      <subfield code="a">XV, 363 S.</subfield>
    </datafield>
    <datafield ind1="-" ind2="1" tag="455">
      <subfield code="a">2007</subfield>
    </datafield>
    <datafield ind1="-" ind2="1" tag="456">
      <subfield code="a">2007</subfield>
    </datafield>
    <datafield ind1="-" ind2="2" tag="507">
      <subfield code="a">Hauptsacht. bis 1984: The socialist register</subfield>
    </datafield>
    <datafield ind1="-" ind2="1" tag="517">
      <subfield code="a">Literaturangaben</subfield>
    </datafield>
    <datafield ind1="-" ind2="2" tag="523">
      <subfield code="a">Teils ohne Z&#xE4;hlung; ab 27.1991 Schriftenreihe</subfield>
    </datafield>
    <datafield ind1="z" ind2="2" tag="527">
      <subfield code="p">Online-Ausg. ---&gt;</subfield>
      <subfield code="a">Socialist register</subfield>
      <subfield code="9">2441683-6</subfield>
    </datafield>
    <datafield ind1="a" ind2="1" tag="540">
      <subfield code="a">0-85036-578-3</subfield>
    </datafield>
    <datafield ind1="-" ind2="1" tag="540">
      <subfield code="a">1-55266-195-4</subfield>
    </datafield>
    <datafield ind1="-" ind2="1" tag="540">
      <subfield code="a">1-58367-152-8</subfield>
    </datafield>
    <datafield ind1="a" ind2="2" tag="542">
      <subfield code="a">0081-0606</subfield>
    </datafield>
    <datafield ind1="x" ind2="2" tag="700">
      <subfield code="a">335 Sozialismus und verwandte Systeme</subfield>
      <subfield code="c">22</subfield>
    </datafield>
    <datafield ind1="z" ind2="2" tag="700">
      <subfield code="a">695</subfield>
    </datafield>
    <datafield ind1="-" ind2="1" tag="SG1">
      <subfield code="a">400</subfield>
    </datafield>
    <datafield ind1="-" ind2="2" tag="SG1">
      <subfield code="a">200</subfield>
    </datafield>
    <datafield ind1="-" ind2="1" tag="902">
      <subfield code="s">Kapitalismus</subfield>
      <subfield code="9">(DE-588)4029577-1</subfield>
    </datafield>
    <datafield ind1="-" ind2="1" tag="902">
      <subfield code="s">Umweltkrise</subfield>
      <subfield code="9">(DE-588)4186806-7</subfield>
    </datafield>
    <datafield ind1="-" ind2="1" tag="902">
      <subfield code="s">Umweltschutz</subfield>
      <subfield code="9">(DE-588)4061644-7</subfield>
    </datafield>
    <datafield ind1="-" ind2="1" tag="902">
      <subfield code="f">Aufsatzsammlung</subfield>
    </datafield>
    <datafield ind1="-" ind2="2" tag="902">
      <subfield code="s">Soziologie</subfield>
      <subfield code="9">(DE-588)4077624-4</subfield>
    </datafield>
    <datafield ind1="-" ind2="2" tag="902">
      <subfield code="f">Aufsatzsammlung</subfield>
    </datafield>
    <datafield ind1="-" ind2="1" tag="907">
      <subfield code="s">&#xD6;kosozialismus</subfield>
      <subfield code="9">(DE-588)4126171-9</subfield>
    </datafield>
    <datafield ind1="-" ind2="1" tag="907">
      <subfield code="f">Aufsatzsammlung</subfield>
    </datafield>
    <datafield ind1="-" ind2="2" tag="907">
      <subfield code="s">Marxismus</subfield>
      <subfield code="9">(DE-588)4037764-7</subfield>
    </datafield>
    <datafield ind1="-" ind2="2" tag="907">
      <subfield code="f">Aufsatzsammlung</subfield>
    </datafield>
    <datafield ind1="-" ind2="2" tag="912">
      <subfield code="s">Sozialismus</subfield>
      <subfield code="9">(DE-588)4055785-6</subfield>
    </datafield>
    <datafield ind1="-" ind2="2" tag="912">
      <subfield code="f">Aufsatzsammlung</subfield>
    </datafield>
    <controlfield tag="SYS">000310380</controlfield>
    <datafield ind1=" " ind2=" " tag="SWD">
      <subfield code="s">&#xD6;kologische Krise</subfield>
      <subfield code="9">(DE-588)4186806-7</subfield>
    </datafield>
    <datafield ind1=" " ind2=" " tag="SWD">
      <subfield code="s">Kapitalistische Gesellschaft</subfield>
      <subfield code="9">(DE-588)4029577-1</subfield>
    </datafield>
    <datafield ind1=" " ind2=" " tag="SWD">
      <subfield code="s">Kapitalistische Wirtschaft</subfield>
      <subfield code="9">(DE-588)4029577-1</subfield>
    </datafield>
    <datafield ind1=" " ind2=" " tag="SWD">
      <subfield code="s">Kapitalistisches Gesellschaftssystem</subfield>
      <subfield code="9">(DE-588)4029577-1</subfield>
    </datafield>
    <datafield ind1=" " ind2=" " tag="SWD">
      <subfield code="s">Kapitalistisches Wirtschaftssystem</subfield>
      <subfield code="9">(DE-588)4029577-1</subfield>
    </datafield>
    <datafield ind1=" " ind2=" " tag="SWD">
      <subfield code="s">&#xD6;kologie</subfield>
      <subfield code="h">Umweltschutz</subfield>
      <subfield code="9">(DE-588)4061644-7</subfield>
    </datafield>
    <datafield ind1=" " ind2=" " tag="SWD">
      <subfield code="s">Umweltvorsorge</subfield>
      <subfield code="9">(DE-588)4061644-7</subfield>
    </datafield>
    <datafield ind1=" " ind2=" " tag="SWD">
      <subfield code="s">&#xD6;kologische Krise</subfield>
      <subfield code="9">(DE-588)4186806-7</subfield>
    </datafield>
    <datafield ind1=" " ind2=" " tag="SWD">
      <subfield code="s">&#xD6;kologie</subfield>
      <subfield code="h">Umweltschutz</subfield>
      <subfield code="9">(DE-588)4061644-7</subfield>
    </datafield>
    <datafield ind1=" " ind2=" " tag="SWD">
      <subfield code="s">Umweltvorsorge</subfield>
      <subfield code="9">(DE-588)4061644-7</subfield>
    </datafield>
    <datafield ind1=" " ind2=" " tag="SWD">
      <subfield code="s">Kapitalistische Gesellschaft</subfield>
      <subfield code="9">(DE-588)4029577-1</subfield>
    </datafield>
    <datafield ind1=" " ind2=" " tag="SWD">
      <subfield code="s">Kapitalistische Wirtschaft</subfield>
      <subfield code="9">(DE-588)4029577-1</subfield>
    </datafield>
    <datafield ind1=" " ind2=" " tag="SWD">
      <subfield code="s">Kapitalistisches Gesellschaftssystem</subfield>
      <subfield code="9">(DE-588)4029577-1</subfield>
    </datafield>
    <datafield ind1=" " ind2=" " tag="SWD">
      <subfield code="s">Kapitalistisches Wirtschaftssystem</subfield>
      <subfield code="9">(DE-588)4029577-1</subfield>
    </datafield>
    <datafield ind1=" " ind2=" " tag="AVA">
      <subfield code="a">AKW50</subfield>
      <subfield code="b">XAW1</subfield>
      <subfield code="c">Fortsetzungsmagazin</subfield>
      <subfield code="d">B43158/2007</subfield>
      <subfield code="e">available</subfield>
      <subfield code="t">Verf&#xFC;gbar</subfield>
      <subfield code="f">1</subfield>
      <subfield code="g">0</subfield>
      <subfield code="h">Y</subfield>
      <subfield code="i">0</subfield>
      <subfield code="j">MAG3</subfield>
    </datafield>
    <datafield ind1="-" ind2="2" tag="Z30">
      <subfield code="1">XAW1</subfield>
      <subfield code="2">MAG3</subfield>
      <subfield code="3">B43158/2007</subfield>
      <subfield code="b">2007</subfield>
      <subfield code="g">14508</subfield>
      <subfield code="h">2007</subfield>
    </datafield>
  </record>
  <record>
    <leader>00000nM2.01200024------u</leader>
    <controlfield tag="LDR">00000nM2.01200024------u</controlfield>
    <controlfield tag="FMT">MU</controlfield>
    <datafield ind1="-" ind2="1" tag="001">
      <subfield code="a">AC05744383</subfield>
    </datafield>
    <datafield ind1="-" ind2="2" tag="001">
      <subfield code="a">AC00470658</subfield>
    </datafield>
    <datafield ind1="-" ind2="1" tag="010">
      <subfield code="a">AC00470658</subfield>
    </datafield>
    <datafield ind1="z" ind2="2" tag="025">
      <subfield code="a">ZDB-4263-8</subfield>
    </datafield>
    <controlfield tag="030">a|1ucr|||||||</controlfield>
    <datafield ind1="a" ind2="1" tag="036">
      <subfield code="a">GB</subfield>
    </datafield>
    <datafield ind1="a" ind2="2" tag="036">
      <subfield code="a">GB</subfield>
      <subfield code="a">US</subfield>
    </datafield>
    <datafield ind1="b" ind2="1" tag="037">
      <subfield code="a">eng</subfield>
    </datafield>
    <datafield ind1="b" ind2="2" tag="037">
      <subfield code="a">eng</subfield>
    </datafield>
    <controlfield tag="050">a|a|||||||||||</controlfield>
    <controlfield tag="051">a|||||||</controlfield>
    <datafield ind1="s" ind2="1" tag="076">
      <subfield code="a">09</subfield>
    </datafield>
    <datafield ind1="b" ind2="2" tag="086">
      <subfield code="a">B43158</subfield>
    </datafield>
    <datafield ind1="c" ind2="2" tag="086">
      <subfield code="a">PerLM</subfield>
    </datafield>
    <datafield ind1="-" ind2="1" tag="089">
      <subfield code="a">2005</subfield>
    </datafield>
    <datafield ind1="i" ind2="1" tag="090">
      <subfield code="a">2005</subfield>
    </datafield>
    <datafield ind1="-" ind2="1" tag="090">
      <subfield code="a">2005</subfield>
    </datafield>
    <datafield ind1="-" ind2="1" tag="331">
      <subfield code="a">&lt;&lt;The&gt;&gt; empire reloaded</subfield>
    </datafield>
    <datafield ind1="-" ind2="2" tag="331">
      <subfield code="a">Socialist register</subfield>
    </datafield>
    <datafield ind1="a" ind2="2" tag="370">
      <subfield code="a">&lt;&lt;The&gt;&gt; socialist register</subfield>
    </datafield>
    <datafield ind1="-" ind2="2" tag="405">
      <subfield code="a">1.1964 -</subfield>
    </datafield>
    <datafield ind1="-" ind2="2" tag="410">
      <subfield code="a">London</subfield>
    </datafield>
    <datafield ind1="-" ind2="2" tag="412">
      <subfield code="a">Merlin Press</subfield>
    </datafield>
    <datafield ind1="-" ind2="2" tag="415">
      <subfield code="a">New York, NY</subfield>
    </datafield>
    <datafield ind1="-" ind2="2" tag="417">
      <subfield code="a">Monthly Review Press</subfield>
    </datafield>
    <datafield ind1="-" ind2="2" tag="418">
      <subfield code="a">Halifax</subfield>
      <subfield code="g">Fernwood Publ.</subfield>
    </datafield>
    <datafield ind1="-" ind2="2" tag="418">
      <subfield code="a">Rendlesham</subfield>
      <subfield code="g">Merlin Press</subfield>
      <subfield code="h">-1999</subfield>
    </datafield>
    <datafield ind1="-" ind2="2" tag="418">
      <subfield code="a">Atlantic Highlands, NJ</subfield>
      <subfield code="g">Humanities Press</subfield>
      <subfield code="h">-1999</subfield>
    </datafield>
    <datafield ind1="a" ind2="1" tag="425">
      <subfield code="a">2004</subfield>
    </datafield>
    <datafield ind1="b" ind2="2" tag="425">
      <subfield code="a">1964</subfield>
    </datafield>
    <datafield ind1="-" ind2="1" tag="433">
      <subfield code="a">IX, 333 S.</subfield>
    </datafield>
    <datafield ind1="-" ind2="1" tag="455">
      <subfield code="a">2005</subfield>
    </datafield>
    <datafield ind1="-" ind2="1" tag="456">
      <subfield code="a">2005</subfield>
    </datafield>
    <datafield ind1="-" ind2="2" tag="507">
      <subfield code="a">Hauptsacht. bis 1984: The socialist register</subfield>
    </datafield>
    <datafield ind1="-" ind2="1" tag="517">
      <subfield code="a">Literaturangaben</subfield>
    </datafield>
    <datafield ind1="-" ind2="2" tag="523">
      <subfield code="a">Teils ohne Z&#xE4;hlung; ab 27.1991 Schriftenreihe</subfield>
    </datafield>
    <datafield ind1="z" ind2="2" tag="527">
      <subfield code="p">Online-Ausg. ---&gt;</subfield>
      <subfield code="a">Socialist register</subfield>
      <subfield code="9">2441683-6</subfield>
    </datafield>
    <datafield ind1="a" ind2="1" tag="540">
      <subfield code="a">0-85036-547-3</subfield>
    </datafield>
    <datafield ind1="-" ind2="1" tag="540">
      <subfield code="a">1-55266-136-9</subfield>
    </datafield>
    <datafield ind1="-" ind2="1" tag="540">
      <subfield code="a">1-58367-118-8</subfield>
    </datafield>
    <datafield ind1="a" ind2="2" tag="542">
      <subfield code="a">0081-0606</subfield>
    </datafield>
    <datafield ind1="x" ind2="2" tag="700">
      <subfield code="a">335 Sozialismus und verwandte Systeme</subfield>
      <subfield code="c">22</subfield>
    </datafield>
    <datafield ind1="z" ind2="2" tag="700">
      <subfield code="a">695</subfield>
    </datafield>
    <datafield ind1="-" ind2="1" tag="SG1">
      <subfield code="a">200</subfield>
    </datafield>
    <datafield ind1="-" ind2="2" tag="SG1">
      <subfield code="a">200</subfield>
    </datafield>
    <datafield ind1="-" ind2="1" tag="902">
      <subfield code="g">USA</subfield>
      <subfield code="9">(DE-588)4078704-7</subfield>
    </datafield>
    <datafield ind1="-" ind2="1" tag="902">
      <subfield code="s">Au&#xDF;enpolitik</subfield>
      <subfield code="9">(DE-588)4003846-4</subfield>
    </datafield>
    <datafield ind1="-" ind2="1" tag="902">
      <subfield code="s">Imperialismus</subfield>
      <subfield code="9">(DE-588)4026651-5</subfield>
    </datafield>
    <datafield ind1="-" ind2="1" tag="902">
      <subfield code="f">Aufsatzsammlung</subfield>
    </datafield>
    <datafield ind1="-" ind2="1" tag="902">
      <subfield code="z">Geschichte 2001-2004</subfield>
    </datafield>
    <datafield ind1="-" ind2="2" tag="902">
      <subfield code="s">Soziologie</subfield>
      <subfield code="9">(DE-588)4077624-4</subfield>
    </datafield>
    <datafield ind1="-" ind2="2" tag="902">
      <subfield code="f">Aufsatzsammlung</subfield>
    </datafield>
    <datafield ind1="-" ind2="2" tag="907">
      <subfield code="s">Marxismus</subfield>
      <subfield code="9">(DE-588)4037764-7</subfield>
    </datafield>
    <datafield ind1="-" ind2="2" tag="907">
      <subfield code="f">Aufsatzsammlung</subfield>
    </datafield>
    <datafield ind1="-" ind2="2" tag="912">
      <subfield code="s">Sozialismus</subfield>
      <subfield code="9">(DE-588)4055785-6</subfield>
    </datafield>
    <datafield ind1="-" ind2="2" tag="912">
      <subfield code="f">Aufsatzsammlung</subfield>
    </datafield>
    <controlfield tag="SYS">000310381</controlfield>
    <datafield ind1=" " ind2=" " tag="SWD">
      <subfield code="s">Ausw&#xE4;rtige Angelegenheiten</subfield>
      <subfield code="9">(DE-588)4003846-4</subfield>
    </datafield>
    <datafield ind1=" " ind2=" " tag="SWD">
      <subfield code="s">Ausw&#xE4;rtige Politik</subfield>
      <subfield code="9">(DE-588)4003846-4</subfield>
    </datafield>
    <datafield ind1=" " ind2=" " tag="SWD">
      <subfield code="s">Au&#xDF;enbeziehungen</subfield>
      <subfield code="x">Au&#xDF;enpolitik</subfield>
      <subfield code="9">(DE-588)4003846-4</subfield>
    </datafield>
    <datafield ind1=" " ind2=" " tag="SWD">
      <subfield code="9">(DE-588)110322-2</subfield>
    </datafield>
    <datafield ind1=" " ind2=" " tag="SWD">
      <subfield code="g">United States of America</subfield>
      <subfield code="9">(DE-588)4078704-7</subfield>
    </datafield>
    <datafield ind1=" " ind2=" " tag="SWD">
      <subfield code="g">Vereinigte Staaten von Amerika</subfield>
      <subfield code="9">(DE-588)4078704-7</subfield>
    </datafield>
    <datafield ind1=" " ind2=" " tag="SWD">
      <subfield code="g">Nordamerika</subfield>
      <subfield code="h">USA</subfield>
      <subfield code="9">(DE-588)4078704-7</subfield>
    </datafield>
    <datafield ind1=" " ind2=" " tag="SWD">
      <subfield code="g">Amerika</subfield>
      <subfield code="h">USA</subfield>
      <subfield code="9">(DE-588)4078704-7</subfield>
    </datafield>
    <datafield ind1=" " ind2=" " tag="SWD">
      <subfield code="g">United States</subfield>
      <subfield code="9">(DE-588)4078704-7</subfield>
    </datafield>
    <datafield ind1=" " ind2=" " tag="SWD">
      <subfield code="g">Etats Unis</subfield>
      <subfield code="9">(DE-588)4078704-7</subfield>
    </datafield>
    <datafield ind1=" " ind2=" " tag="SWD">
      <subfield code="g">Etats-Unis</subfield>
      <subfield code="9">(DE-588)4078704-7</subfield>
    </datafield>
    <datafield ind1=" " ind2=" " tag="SWD">
      <subfield code="g">Vereinigte Staaten</subfield>
      <subfield code="9">(DE-588)4078704-7</subfield>
    </datafield>
    <datafield ind1=" " ind2=" " tag="SWD">
      <subfield code="g">Estados Unidos de America</subfield>
      <subfield code="9">(DE-588)4078704-7</subfield>
    </datafield>
    <datafield ind1=" " ind2=" " tag="SWD">
      <subfield code="g">EEUU</subfield>
      <subfield code="9">(DE-588)4078704-7</subfield>
    </datafield>
    <datafield ind1=" " ind2=" " tag="SWD">
      <subfield code="g">Vereinigte Staaten von Nordamerika</subfield>
      <subfield code="9">(DE-588)4078704-7</subfield>
    </datafield>
    <datafield ind1=" " ind2=" " tag="SWD">
      <subfield code="g">Soedinennye &#x160;taty Ameriki</subfield>
      <subfield code="9">(DE-588)4078704-7</subfield>
    </datafield>
    <datafield ind1=" " ind2=" " tag="SWD">
      <subfield code="g">S&#x160;A</subfield>
      <subfield code="9">(DE-588)4078704-7</subfield>
    </datafield>
    <datafield ind1=" " ind2=" " tag="SWD">
      <subfield code="g">Stany Zjednoczone Ameryki P&#xF3;&#x142;nocnej</subfield>
      <subfield code="9">(DE-588)4078704-7</subfield>
    </datafield>
    <datafield ind1=" " ind2=" " tag="SWD">
      <subfield code="g">H&#x113;n&#x14D;menai Politeiai t&#x113;s Boreiu Amerik&#x113;s</subfield>
      <subfield code="9">(DE-588)4078704-7</subfield>
    </datafield>
    <datafield ind1=" " ind2=" " tag="SWD">
      <subfield code="g">H&#x113;n&#x14D;menes Politeies t&#x113;s Amerik&#x113;s</subfield>
      <subfield code="9">(DE-588)4078704-7</subfield>
    </datafield>
    <datafield ind1=" " ind2=" " tag="SWD">
      <subfield code="g">H&#x113;PA</subfield>
      <subfield code="9">(DE-588)4078704-7</subfield>
    </datafield>
    <datafield ind1=" " ind2=" " tag="SWD">
      <subfield code="g">&#x112;n&#x14D;menes Politeies t&#x113;s Amerik&#x113;s</subfield>
      <subfield code="9">(DE-588)4078704-7</subfield>
    </datafield>
    <datafield ind1=" " ind2=" " tag="SWD">
      <subfield code="g">&#x112;PA</subfield>
      <subfield code="9">(DE-588)4078704-7</subfield>
    </datafield>
    <datafield ind1=" " ind2=" " tag="SWD">
      <subfield code="g">Meiguo</subfield>
      <subfield code="9">(DE-588)4078704-7</subfield>
    </datafield>
    <datafield ind1=" " ind2=" " tag="SWD">
      <subfield code="g">Etats-Unis d'Am&#xE9;rique</subfield>
      <subfield code="9">(DE-588)4078704-7</subfield>
    </datafield>
    <datafield ind1=" " ind2=" " tag="SWD">
      <subfield code="g">US</subfield>
      <subfield code="9">(DE-588)4078704-7</subfield>
    </datafield>
    <datafield ind1=" " ind2=" " tag="SWD">
      <subfield code="s">Ausw&#xE4;rtige Angelegenheiten</subfield>
      <subfield code="9">(DE-588)4003846-4</subfield>
    </datafield>
    <datafield ind1=" " ind2=" " tag="SWD">
      <subfield code="s">Ausw&#xE4;rtige Politik</subfield>
      <subfield code="9">(DE-588)4003846-4</subfield>
    </datafield>
    <datafield ind1=" " ind2=" " tag="SWD">
      <subfield code="s">Au&#xDF;enbeziehungen</subfield>
      <subfield code="x">Au&#xDF;enpolitik</subfield>
      <subfield code="9">(DE-588)4003846-4</subfield>
    </datafield>
    <datafield ind1=" " ind2=" " tag="SWD">
      <subfield code="9">(DE-588)110322-2</subfield>
    </datafield>
    <datafield ind1=" " ind2=" " tag="SWD">
      <subfield code="g">United States of America</subfield>
      <subfield code="9">(DE-588)4078704-7</subfield>
    </datafield>
    <datafield ind1=" " ind2=" " tag="SWD">
      <subfield code="g">Vereinigte Staaten von Amerika</subfield>
      <subfield code="9">(DE-588)4078704-7</subfield>
    </datafield>
    <datafield ind1=" " ind2=" " tag="SWD">
      <subfield code="g">Nordamerika</subfield>
      <subfield code="h">USA</subfield>
      <subfield code="9">(DE-588)4078704-7</subfield>
    </datafield>
    <datafield ind1=" " ind2=" " tag="SWD">
      <subfield code="g">Amerika</subfield>
      <subfield code="h">USA</subfield>
      <subfield code="9">(DE-588)4078704-7</subfield>
    </datafield>
    <datafield ind1=" " ind2=" " tag="SWD">
      <subfield code="g">United States</subfield>
      <subfield code="9">(DE-588)4078704-7</subfield>
    </datafield>
    <datafield ind1=" " ind2=" " tag="SWD">
      <subfield code="g">Etats Unis</subfield>
      <subfield code="9">(DE-588)4078704-7</subfield>
    </datafield>
    <datafield ind1=" " ind2=" " tag="SWD">
      <subfield code="g">Etats-Unis</subfield>
      <subfield code="9">(DE-588)4078704-7</subfield>
    </datafield>
    <datafield ind1=" " ind2=" " tag="SWD">
      <subfield code="g">Vereinigte Staaten</subfield>
      <subfield code="9">(DE-588)4078704-7</subfield>
    </datafield>
    <datafield ind1=" " ind2=" " tag="SWD">
      <subfield code="g">Estados Unidos de America</subfield>
      <subfield code="9">(DE-588)4078704-7</subfield>
    </datafield>
    <datafield ind1=" " ind2=" " tag="SWD">
      <subfield code="g">EEUU</subfield>
      <subfield code="9">(DE-588)4078704-7</subfield>
    </datafield>
    <datafield ind1=" " ind2=" " tag="SWD">
      <subfield code="g">Vereinigte Staaten von Nordamerika</subfield>
      <subfield code="9">(DE-588)4078704-7</subfield>
    </datafield>
    <datafield ind1=" " ind2=" " tag="SWD">
      <subfield code="g">Soedinennye &#x160;taty Ameriki</subfield>
      <subfield code="9">(DE-588)4078704-7</subfield>
    </datafield>
    <datafield ind1=" " ind2=" " tag="SWD">
      <subfield code="g">S&#x160;A</subfield>
      <subfield code="9">(DE-588)4078704-7</subfield>
    </datafield>
    <datafield ind1=" " ind2=" " tag="SWD">
      <subfield code="g">Stany Zjednoczone Ameryki P&#xF3;&#x142;nocnej</subfield>
      <subfield code="9">(DE-588)4078704-7</subfield>
    </datafield>
    <datafield ind1=" " ind2=" " tag="SWD">
      <subfield code="g">H&#x113;n&#x14D;menai Politeiai t&#x113;s Boreiu Amerik&#x113;s</subfield>
      <subfield code="9">(DE-588)4078704-7</subfield>
    </datafield>
    <datafield ind1=" " ind2=" " tag="SWD">
      <subfield code="g">H&#x113;n&#x14D;menes Politeies t&#x113;s Amerik&#x113;s</subfield>
      <subfield code="9">(DE-588)4078704-7</subfield>
    </datafield>
    <datafield ind1=" " ind2=" " tag="SWD">
      <subfield code="g">H&#x113;PA</subfield>
      <subfield code="9">(DE-588)4078704-7</subfield>
    </datafield>
    <datafield ind1=" " ind2=" " tag="SWD">
      <subfield code="g">&#x112;n&#x14D;menes Politeies t&#x113;s Amerik&#x113;s</subfield>
      <subfield code="9">(DE-588)4078704-7</subfield>
    </datafield>
    <datafield ind1=" " ind2=" " tag="SWD">
      <subfield code="g">&#x112;PA</subfield>
      <subfield code="9">(DE-588)4078704-7</subfield>
    </datafield>
    <datafield ind1=" " ind2=" " tag="SWD">
      <subfield code="g">Meiguo</subfield>
      <subfield code="9">(DE-588)4078704-7</subfield>
    </datafield>
    <datafield ind1=" " ind2=" " tag="SWD">
      <subfield code="g">Etats-Unis d'Am&#xE9;rique</subfield>
      <subfield code="9">(DE-588)4078704-7</subfield>
    </datafield>
    <datafield ind1=" " ind2=" " tag="SWD">
      <subfield code="g">US</subfield>
      <subfield code="9">(DE-588)4078704-7</subfield>
    </datafield>
    <datafield ind1=" " ind2=" " tag="AVA">
      <subfield code="a">AKW50</subfield>
      <subfield code="b">XAW1</subfield>
      <subfield code="c">Fortsetzungsmagazin</subfield>
      <subfield code="d">B43158/2005</subfield>
      <subfield code="e">available</subfield>
      <subfield code="t">Verf&#xFC;gbar</subfield>
      <subfield code="f">1</subfield>
      <subfield code="g">0</subfield>
      <subfield code="h">Y</subfield>
      <subfield code="i">0</subfield>
      <subfield code="j">MAG3</subfield>
    </datafield>
    <datafield ind1="-" ind2="2" tag="Z30">
      <subfield code="1">XAW1</subfield>
      <subfield code="2">MAG3</subfield>
      <subfield code="3">B43158/2005</subfield>
      <subfield code="b">2005</subfield>
      <subfield code="g">14508</subfield>
      <subfield code="h">2005</subfield>
      <subfield code="i">20061005</subfield>
    </datafield>
  </record>
  <record>
    <leader>00000nM2.01200024------u</leader>
    <controlfield tag="LDR">00000nM2.01200024------u</controlfield>
    <controlfield tag="FMT">MU</controlfield>
    <datafield ind1="-" ind2="1" tag="001">
      <subfield code="a">AC05744432</subfield>
    </datafield>
    <datafield ind1="-" ind2="2" tag="001">
      <subfield code="a">AC00470658</subfield>
    </datafield>
    <datafield ind1="-" ind2="1" tag="010">
      <subfield code="a">AC00470658</subfield>
    </datafield>
    <datafield ind1="z" ind2="2" tag="025">
      <subfield code="a">ZDB-4263-8</subfield>
    </datafield>
    <controlfield tag="030">a|1ucr|||||||</controlfield>
    <datafield ind1="a" ind2="1" tag="036">
      <subfield code="a">GB</subfield>
    </datafield>
    <datafield ind1="a" ind2="2" tag="036">
      <subfield code="a">GB</subfield>
      <subfield code="a">US</subfield>
    </datafield>
    <datafield ind1="b" ind2="1" tag="037">
      <subfield code="a">eng</subfield>
    </datafield>
    <datafield ind1="b" ind2="2" tag="037">
      <subfield code="a">eng</subfield>
    </datafield>
    <controlfield tag="050">a|a|||||||||||</controlfield>
    <controlfield tag="051">a|||||||</controlfield>
    <datafield ind1="s" ind2="1" tag="076">
      <subfield code="a">09</subfield>
    </datafield>
    <datafield ind1="b" ind2="2" tag="086">
      <subfield code="a">B43158</subfield>
    </datafield>
    <datafield ind1="c" ind2="2" tag="086">
      <subfield code="a">PerLM</subfield>
    </datafield>
    <datafield ind1="-" ind2="1" tag="089">
      <subfield code="a">2006</subfield>
    </datafield>
    <datafield ind1="i" ind2="1" tag="090">
      <subfield code="a">2006</subfield>
    </datafield>
    <datafield ind1="-" ind2="1" tag="090">
      <subfield code="a">2006</subfield>
    </datafield>
    <datafield ind1="-" ind2="1" tag="331">
      <subfield code="a">Telling the truth</subfield>
    </datafield>
    <datafield ind1="-" ind2="2" tag="331">
      <subfield code="a">Socialist register</subfield>
    </datafield>
    <datafield ind1="a" ind2="2" tag="370">
      <subfield code="a">&lt;&lt;The&gt;&gt; socialist register</subfield>
    </datafield>
    <datafield ind1="-" ind2="2" tag="405">
      <subfield code="a">1.1964 -</subfield>
    </datafield>
    <datafield ind1="-" ind2="2" tag="410">
      <subfield code="a">London</subfield>
    </datafield>
    <datafield ind1="-" ind2="2" tag="412">
      <subfield code="a">Merlin Press</subfield>
    </datafield>
    <datafield ind1="-" ind2="2" tag="415">
      <subfield code="a">New York, NY</subfield>
    </datafield>
    <datafield ind1="-" ind2="2" tag="417">
      <subfield code="a">Monthly Review Press</subfield>
    </datafield>
    <datafield ind1="-" ind2="2" tag="418">
      <subfield code="a">Halifax</subfield>
      <subfield code="g">Fernwood Publ.</subfield>
    </datafield>
    <datafield ind1="-" ind2="2" tag="418">
      <subfield code="a">Rendlesham</subfield>
      <subfield code="g">Merlin Press</subfield>
      <subfield code="h">-1999</subfield>
    </datafield>
    <datafield ind1="-" ind2="2" tag="418">
      <subfield code="a">Atlantic Highlands, NJ</subfield>
      <subfield code="g">Humanities Press</subfield>
      <subfield code="h">-1999</subfield>
    </datafield>
    <datafield ind1="a" ind2="1" tag="425">
      <subfield code="a">2005</subfield>
    </datafield>
    <datafield ind1="b" ind2="2" tag="425">
      <subfield code="a">1964</subfield>
    </datafield>
    <datafield ind1="-" ind2="1" tag="433">
      <subfield code="a">X, 285 S.</subfield>
    </datafield>
    <datafield ind1="-" ind2="1" tag="455">
      <subfield code="a">2006</subfield>
    </datafield>
    <datafield ind1="-" ind2="1" tag="456">
      <subfield code="a">2006</subfield>
    </datafield>
    <datafield ind1="-" ind2="2" tag="507">
      <subfield code="a">Hauptsacht. bis 1984: The socialist register</subfield>
    </datafield>
    <datafield ind1="-" ind2="1" tag="517">
      <subfield code="a">Literaturangaben</subfield>
    </datafield>
    <datafield ind1="-" ind2="2" tag="523">
      <subfield code="a">Teils ohne Z&#xE4;hlung; ab 27.1991 Schriftenreihe</subfield>
    </datafield>
    <datafield ind1="z" ind2="2" tag="527">
      <subfield code="p">Online-Ausg. ---&gt;</subfield>
      <subfield code="a">Socialist register</subfield>
      <subfield code="9">2441683-6</subfield>
    </datafield>
    <datafield ind1="a" ind2="1" tag="540">
      <subfield code="a">0-85036-560-0</subfield>
    </datafield>
    <datafield ind1="-" ind2="1" tag="540">
      <subfield code="a">1-55266-176-8</subfield>
    </datafield>
    <datafield ind1="-" ind2="1" tag="540">
      <subfield code="a">1-58367-137-4</subfield>
    </datafield>
    <datafield ind1="a" ind2="2" tag="542">
      <subfield code="a">0081-0606</subfield>
    </datafield>
    <datafield ind1="x" ind2="2" tag="700">
      <subfield code="a">335 Sozialismus und verwandte Systeme</subfield>
      <subfield code="c">22</subfield>
    </datafield>
    <datafield ind1="z" ind2="2" tag="700">
      <subfield code="a">695</subfield>
    </datafield>
    <datafield ind1="-" ind2="1" tag="SG1">
      <subfield code="a">200</subfield>
    </datafield>
    <datafield ind1="-" ind2="2" tag="SG1">
      <subfield code="a">200</subfield>
    </datafield>
    <datafield ind1="-" ind2="1" tag="902">
      <subfield code="s">Politische Elite</subfield>
      <subfield code="9">(DE-588)4076219-1</subfield>
    </datafield>
    <datafield ind1="-" ind2="1" tag="902">
      <subfield code="s">Wahrheit</subfield>
      <subfield code="9">(DE-588)4064314-1</subfield>
    </datafield>
    <datafield ind1="-" ind2="1" tag="902">
      <subfield code="s">&#xD6;ffentlichkeit</subfield>
      <subfield code="9">(DE-588)4043183-6</subfield>
    </datafield>
    <datafield ind1="-" ind2="1" tag="902">
      <subfield code="f">Aufsatzsammlung</subfield>
    </datafield>
    <datafield ind1="-" ind2="2" tag="902">
      <subfield code="s">Soziologie</subfield>
      <subfield code="9">(DE-588)4077624-4</subfield>
    </datafield>
    <datafield ind1="-" ind2="2" tag="902">
      <subfield code="f">Aufsatzsammlung</subfield>
    </datafield>
    <datafield ind1="-" ind2="2" tag="907">
      <subfield code="s">Marxismus</subfield>
      <subfield code="9">(DE-588)4037764-7</subfield>
    </datafield>
    <datafield ind1="-" ind2="2" tag="907">
      <subfield code="f">Aufsatzsammlung</subfield>
    </datafield>
    <datafield ind1="-" ind2="2" tag="912">
      <subfield code="s">Sozialismus</subfield>
      <subfield code="9">(DE-588)4055785-6</subfield>
    </datafield>
    <datafield ind1="-" ind2="2" tag="912">
      <subfield code="f">Aufsatzsammlung</subfield>
    </datafield>
    <controlfield tag="SYS">000310382</controlfield>
    <datafield ind1=" " ind2=" " tag="SWD">
      <subfield code="s">Herrschaftselite</subfield>
      <subfield code="9">(DE-588)4076219-1</subfield>
    </datafield>
    <datafield ind1=" " ind2=" " tag="SWD">
      <subfield code="s">Machtelite</subfield>
      <subfield code="9">(DE-588)4076219-1</subfield>
    </datafield>
    <datafield ind1=" " ind2=" " tag="SWD">
      <subfield code="s">Politische F&#xFC;hrungsschicht</subfield>
      <subfield code="9">(DE-588)4076219-1</subfield>
    </datafield>
    <datafield ind1=" " ind2=" " tag="SWD">
      <subfield code="s">Politische Klasse</subfield>
      <subfield code="9">(DE-588)4076219-1</subfield>
    </datafield>
    <datafield ind1=" " ind2=" " tag="SWD">
      <subfield code="s">Herrschende Klasse</subfield>
      <subfield code="9">(DE-588)4076219-1</subfield>
    </datafield>
    <datafield ind1=" " ind2=" " tag="SWD">
      <subfield code="s">Elite</subfield>
      <subfield code="x">Politik</subfield>
      <subfield code="9">(DE-588)4076219-1</subfield>
    </datafield>
    <datafield ind1=" " ind2=" " tag="SWD">
      <subfield code="s">Politische Eliten</subfield>
      <subfield code="9">(DE-588)4076219-1</subfield>
    </datafield>
    <datafield ind1=" " ind2=" " tag="SWD">
      <subfield code="s">Herrschaftselite</subfield>
      <subfield code="9">(DE-588)4076219-1</subfield>
    </datafield>
    <datafield ind1=" " ind2=" " tag="SWD">
      <subfield code="s">Machtelite</subfield>
      <subfield code="9">(DE-588)4076219-1</subfield>
    </datafield>
    <datafield ind1=" " ind2=" " tag="SWD">
      <subfield code="s">Politische F&#xFC;hrungsschicht</subfield>
      <subfield code="9">(DE-588)4076219-1</subfield>
    </datafield>
    <datafield ind1=" " ind2=" " tag="SWD">
      <subfield code="s">Politische Klasse</subfield>
      <subfield code="9">(DE-588)4076219-1</subfield>
    </datafield>
    <datafield ind1=" " ind2=" " tag="SWD">
      <subfield code="s">Herrschende Klasse</subfield>
      <subfield code="9">(DE-588)4076219-1</subfield>
    </datafield>
    <datafield ind1=" " ind2=" " tag="SWD">
      <subfield code="s">Elite</subfield>
      <subfield code="x">Politik</subfield>
      <subfield code="9">(DE-588)4076219-1</subfield>
    </datafield>
    <datafield ind1=" " ind2=" " tag="SWD">
      <subfield code="s">Politische Eliten</subfield>
      <subfield code="9">(DE-588)4076219-1</subfield>
    </datafield>
    <datafield ind1=" " ind2=" " tag="SWD">
      <subfield code="s">&#xD6;ffentliches Leben</subfield>
      <subfield code="9">(DE-588)4043183-6</subfield>
    </datafield>
    <datafield ind1=" " ind2=" " tag="SWD">
      <subfield code="s">&#xD6;ffentliches Leben</subfield>
      <subfield code="9">(DE-588)4043183-6</subfield>
    </datafield>
    <datafield ind1=" " ind2=" " tag="AVA">
      <subfield code="a">AKW50</subfield>
      <subfield code="b">XAW1</subfield>
      <subfield code="c">Fortsetzungsmagazin</subfield>
      <subfield code="d">B43158/2006</subfield>
      <subfield code="e">available</subfield>
      <subfield code="t">Verf&#xFC;gbar</subfield>
      <subfield code="f">1</subfield>
      <subfield code="g">0</subfield>
      <subfield code="h">Y</subfield>
      <subfield code="i">0</subfield>
      <subfield code="j">MAG3</subfield>
    </datafield>
    <datafield ind1="-" ind2="2" tag="Z30">
      <subfield code="1">XAW1</subfield>
      <subfield code="2">MAG3</subfield>
      <subfield code="3">B43158/2006</subfield>
      <subfield code="b">2006</subfield>
      <subfield code="g">14508</subfield>
      <subfield code="h">2006</subfield>
      <subfield code="i">20061005</subfield>
    </datafield>
  </record>
  <record>
    <leader>00000nM2.01200024------u</leader>
    <controlfield tag="LDR">00000nM2.01200024------u</controlfield>
    <controlfield tag="FMT">MU</controlfield>
    <datafield ind1="-" ind2="1" tag="001">
      <subfield code="a">AC05745497</subfield>
    </datafield>
    <datafield ind1="-" ind2="2" tag="001">
      <subfield code="a">AC00470658</subfield>
    </datafield>
    <datafield ind1="-" ind2="1" tag="010">
      <subfield code="a">AC00470658</subfield>
    </datafield>
    <datafield ind1="z" ind2="2" tag="025">
      <subfield code="a">ZDB-4263-8</subfield>
    </datafield>
    <controlfield tag="030">a|1ucr|||||||</controlfield>
    <datafield ind1="a" ind2="1" tag="036">
      <subfield code="a">GB</subfield>
    </datafield>
    <datafield ind1="a" ind2="2" tag="036">
      <subfield code="a">GB</subfield>
      <subfield code="a">US</subfield>
    </datafield>
    <datafield ind1="b" ind2="1" tag="037">
      <subfield code="a">eng</subfield>
    </datafield>
    <datafield ind1="b" ind2="2" tag="037">
      <subfield code="a">eng</subfield>
    </datafield>
    <controlfield tag="050">a|a|||||||||||</controlfield>
    <controlfield tag="051">a|||||||</controlfield>
    <datafield ind1="b" ind2="2" tag="086">
      <subfield code="a">B43158</subfield>
    </datafield>
    <datafield ind1="c" ind2="2" tag="086">
      <subfield code="a">PerLM</subfield>
    </datafield>
    <datafield ind1="-" ind2="1" tag="089">
      <subfield code="a">1987</subfield>
    </datafield>
    <datafield ind1="i" ind2="1" tag="090">
      <subfield code="a">1987</subfield>
    </datafield>
    <datafield ind1="-" ind2="1" tag="090">
      <subfield code="a">1987</subfield>
    </datafield>
    <datafield ind1="-" ind2="1" tag="331">
      <subfield code="a">Conservatism in Britain and America: rhetoric and reality</subfield>
    </datafield>
    <datafield ind1="-" ind2="2" tag="331">
      <subfield code="a">Socialist register</subfield>
    </datafield>
    <datafield ind1="a" ind2="2" tag="370">
      <subfield code="a">&lt;&lt;The&gt;&gt; socialist register</subfield>
    </datafield>
    <datafield ind1="-" ind2="2" tag="405">
      <subfield code="a">1.1964 -</subfield>
    </datafield>
    <datafield ind1="-" ind2="2" tag="410">
      <subfield code="a">London</subfield>
    </datafield>
    <datafield ind1="-" ind2="2" tag="412">
      <subfield code="a">Merlin Press</subfield>
    </datafield>
    <datafield ind1="-" ind2="2" tag="415">
      <subfield code="a">New York, NY</subfield>
    </datafield>
    <datafield ind1="-" ind2="2" tag="417">
      <subfield code="a">Monthly Review Press</subfield>
    </datafield>
    <datafield ind1="-" ind2="2" tag="418">
      <subfield code="a">Halifax</subfield>
      <subfield code="g">Fernwood Publ.</subfield>
    </datafield>
    <datafield ind1="-" ind2="2" tag="418">
      <subfield code="a">Rendlesham</subfield>
      <subfield code="g">Merlin Press</subfield>
      <subfield code="h">-1999</subfield>
    </datafield>
    <datafield ind1="-" ind2="2" tag="418">
      <subfield code="a">Atlantic Highlands, NJ</subfield>
      <subfield code="g">Humanities Press</subfield>
      <subfield code="h">-1999</subfield>
    </datafield>
    <datafield ind1="a" ind2="1" tag="425">
      <subfield code="a">1987</subfield>
    </datafield>
    <datafield ind1="b" ind2="2" tag="425">
      <subfield code="a">1964</subfield>
    </datafield>
    <datafield ind1="-" ind2="1" tag="433">
      <subfield code="a">Getr. Z&#xE4;hlung</subfield>
    </datafield>
    <datafield ind1="-" ind2="1" tag="455">
      <subfield code="a">1987</subfield>
    </datafield>
    <datafield ind1="-" ind2="1" tag="456">
      <subfield code="a">1987</subfield>
    </datafield>
    <datafield ind1="-" ind2="2" tag="507">
      <subfield code="a">Hauptsacht. bis 1984: The socialist register</subfield>
    </datafield>
    <datafield ind1="-" ind2="2" tag="523">
      <subfield code="a">Teils ohne Z&#xE4;hlung; ab 27.1991 Schriftenreihe</subfield>
    </datafield>
    <datafield ind1="z" ind2="2" tag="527">
      <subfield code="p">Online-Ausg. ---&gt;</subfield>
      <subfield code="a">Socialist register</subfield>
      <subfield code="9">2441683-6</subfield>
    </datafield>
    <datafield ind1="-" ind2="1" tag="540">
      <subfield code="a">0-85036-348-9</subfield>
    </datafield>
    <datafield ind1="-" ind2="1" tag="540">
      <subfield code="a">0-85036-349-7</subfield>
    </datafield>
    <datafield ind1="a" ind2="2" tag="542">
      <subfield code="a">0081-0606</subfield>
    </datafield>
    <datafield ind1="x" ind2="2" tag="700">
      <subfield code="a">335 Sozialismus und verwandte Systeme</subfield>
      <subfield code="c">22</subfield>
    </datafield>
    <datafield ind1="z" ind2="2" tag="700">
      <subfield code="a">695</subfield>
    </datafield>
    <datafield ind1="-" ind2="1" tag="SG1">
      <subfield code="a">200</subfield>
    </datafield>
    <datafield ind1="-" ind2="2" tag="SG1">
      <subfield code="a">200</subfield>
    </datafield>
    <datafield ind1="-" ind2="2" tag="902">
      <subfield code="s">Soziologie</subfield>
      <subfield code="9">(DE-588)4077624-4</subfield>
    </datafield>
    <datafield ind1="-" ind2="2" tag="902">
      <subfield code="f">Aufsatzsammlung</subfield>
    </datafield>
    <datafield ind1="-" ind2="2" tag="907">
      <subfield code="s">Marxismus</subfield>
      <subfield code="9">(DE-588)4037764-7</subfield>
    </datafield>
    <datafield ind1="-" ind2="2" tag="907">
      <subfield code="f">Aufsatzsammlung</subfield>
    </datafield>
    <datafield ind1="-" ind2="2" tag="912">
      <subfield code="s">Sozialismus</subfield>
      <subfield code="9">(DE-588)4055785-6</subfield>
    </datafield>
    <datafield ind1="-" ind2="2" tag="912">
      <subfield code="f">Aufsatzsammlung</subfield>
    </datafield>
    <controlfield tag="SYS">000310390</controlfield>
    <datafield ind1=" " ind2=" " tag="AVA">
      <subfield code="a">AKW50</subfield>
      <subfield code="b">XAW1</subfield>
      <subfield code="c">Fortsetzungsmagazin</subfield>
      <subfield code="d">B43158/1987</subfield>
      <subfield code="e">available</subfield>
      <subfield code="t">Verf&#xFC;gbar</subfield>
      <subfield code="f">1</subfield>
      <subfield code="g">0</subfield>
      <subfield code="h">Y</subfield>
      <subfield code="i">0</subfield>
      <subfield code="j">MAG3</subfield>
    </datafield>
    <datafield ind1="-" ind2="2" tag="Z30">
      <subfield code="1">XAW1</subfield>
      <subfield code="2">MAG3</subfield>
      <subfield code="3">B43158/1987</subfield>
      <subfield code="b">1987</subfield>
      <subfield code="h">1987</subfield>
    </datafield>
  </record>
  <record>
    <leader>00000nM2.01200024------u</leader>
    <controlfield tag="LDR">00000nM2.01200024------u</controlfield>
    <controlfield tag="FMT">MU</controlfield>
    <datafield ind1="-" ind2="1" tag="001">
      <subfield code="a">AC05745542</subfield>
    </datafield>
    <datafield ind1="-" ind2="2" tag="001">
      <subfield code="a">AC00470658</subfield>
    </datafield>
    <datafield ind1="-" ind2="1" tag="010">
      <subfield code="a">AC00470658</subfield>
    </datafield>
    <datafield ind1="z" ind2="2" tag="025">
      <subfield code="a">ZDB-4263-8</subfield>
    </datafield>
    <controlfield tag="030">a|1ucr|||||||</controlfield>
    <datafield ind1="a" ind2="1" tag="036">
      <subfield code="a">GB</subfield>
    </datafield>
    <datafield ind1="a" ind2="2" tag="036">
      <subfield code="a">GB</subfield>
      <subfield code="a">US</subfield>
    </datafield>
    <datafield ind1="b" ind2="1" tag="037">
      <subfield code="a">eng</subfield>
    </datafield>
    <datafield ind1="b" ind2="2" tag="037">
      <subfield code="a">eng</subfield>
    </datafield>
    <controlfield tag="050">a|a|||||||||||</controlfield>
    <controlfield tag="051">a|||||||</controlfield>
    <datafield ind1="b" ind2="2" tag="086">
      <subfield code="a">B43158</subfield>
    </datafield>
    <datafield ind1="c" ind2="2" tag="086">
      <subfield code="a">PerLM</subfield>
    </datafield>
    <datafield ind1="-" ind2="1" tag="089">
      <subfield code="a">1988</subfield>
    </datafield>
    <datafield ind1="i" ind2="1" tag="090">
      <subfield code="a">1988</subfield>
    </datafield>
    <datafield ind1="-" ind2="1" tag="090">
      <subfield code="a">1988</subfield>
    </datafield>
    <datafield ind1="-" ind2="1" tag="331">
      <subfield code="a">Problems of socialist renewal: east and west</subfield>
    </datafield>
    <datafield ind1="-" ind2="2" tag="331">
      <subfield code="a">Socialist register</subfield>
    </datafield>
    <datafield ind1="a" ind2="2" tag="370">
      <subfield code="a">&lt;&lt;The&gt;&gt; socialist register</subfield>
    </datafield>
    <datafield ind1="-" ind2="2" tag="405">
      <subfield code="a">1.1964 -</subfield>
    </datafield>
    <datafield ind1="-" ind2="2" tag="410">
      <subfield code="a">London</subfield>
    </datafield>
    <datafield ind1="-" ind2="2" tag="412">
      <subfield code="a">Merlin Press</subfield>
    </datafield>
    <datafield ind1="-" ind2="2" tag="415">
      <subfield code="a">New York, NY</subfield>
    </datafield>
    <datafield ind1="-" ind2="2" tag="417">
      <subfield code="a">Monthly Review Press</subfield>
    </datafield>
    <datafield ind1="-" ind2="2" tag="418">
      <subfield code="a">Halifax</subfield>
      <subfield code="g">Fernwood Publ.</subfield>
    </datafield>
    <datafield ind1="-" ind2="2" tag="418">
      <subfield code="a">Rendlesham</subfield>
      <subfield code="g">Merlin Press</subfield>
      <subfield code="h">-1999</subfield>
    </datafield>
    <datafield ind1="-" ind2="2" tag="418">
      <subfield code="a">Atlantic Highlands, NJ</subfield>
      <subfield code="g">Humanities Press</subfield>
      <subfield code="h">-1999</subfield>
    </datafield>
    <datafield ind1="a" ind2="1" tag="425">
      <subfield code="a">1988</subfield>
    </datafield>
    <datafield ind1="b" ind2="2" tag="425">
      <subfield code="a">1964</subfield>
    </datafield>
    <datafield ind1="-" ind2="1" tag="433">
      <subfield code="a">Getr. Z&#xE4;hlung</subfield>
    </datafield>
    <datafield ind1="-" ind2="1" tag="455">
      <subfield code="a">1988</subfield>
    </datafield>
    <datafield ind1="-" ind2="1" tag="456">
      <subfield code="a">1988</subfield>
    </datafield>
    <datafield ind1="-" ind2="2" tag="507">
      <subfield code="a">Hauptsacht. bis 1984: The socialist register</subfield>
    </datafield>
    <datafield ind1="-" ind2="2" tag="523">
      <subfield code="a">Teils ohne Z&#xE4;hlung; ab 27.1991 Schriftenreihe</subfield>
    </datafield>
    <datafield ind1="z" ind2="2" tag="527">
      <subfield code="p">Online-Ausg. ---&gt;</subfield>
      <subfield code="a">Socialist register</subfield>
      <subfield code="9">2441683-6</subfield>
    </datafield>
    <datafield ind1="-" ind2="1" tag="540">
      <subfield code="a">0-85036-354-3</subfield>
    </datafield>
    <datafield ind1="-" ind2="1" tag="540">
      <subfield code="a">0-85036-355-1</subfield>
    </datafield>
    <datafield ind1="a" ind2="2" tag="542">
      <subfield code="a">0081-0606</subfield>
    </datafield>
    <datafield ind1="x" ind2="2" tag="700">
      <subfield code="a">335 Sozialismus und verwandte Systeme</subfield>
      <subfield code="c">22</subfield>
    </datafield>
    <datafield ind1="z" ind2="2" tag="700">
      <subfield code="a">695</subfield>
    </datafield>
    <datafield ind1="-" ind2="1" tag="SG1">
      <subfield code="a">200</subfield>
    </datafield>
    <datafield ind1="-" ind2="2" tag="SG1">
      <subfield code="a">200</subfield>
    </datafield>
    <datafield ind1="-" ind2="2" tag="902">
      <subfield code="s">Soziologie</subfield>
      <subfield code="9">(DE-588)4077624-4</subfield>
    </datafield>
    <datafield ind1="-" ind2="2" tag="902">
      <subfield code="f">Aufsatzsammlung</subfield>
    </datafield>
    <datafield ind1="-" ind2="2" tag="907">
      <subfield code="s">Marxismus</subfield>
      <subfield code="9">(DE-588)4037764-7</subfield>
    </datafield>
    <datafield ind1="-" ind2="2" tag="907">
      <subfield code="f">Aufsatzsammlung</subfield>
    </datafield>
    <datafield ind1="-" ind2="2" tag="912">
      <subfield code="s">Sozialismus</subfield>
      <subfield code="9">(DE-588)4055785-6</subfield>
    </datafield>
    <datafield ind1="-" ind2="2" tag="912">
      <subfield code="f">Aufsatzsammlung</subfield>
    </datafield>
    <controlfield tag="SYS">000310391</controlfield>
    <datafield ind1=" " ind2=" " tag="AVA">
      <subfield code="a">AKW50</subfield>
      <subfield code="b">XAW1</subfield>
      <subfield code="c">Fortsetzungsmagazin</subfield>
      <subfield code="d">B43158/1988</subfield>
      <subfield code="e">available</subfield>
      <subfield code="t">Verf&#xFC;gbar</subfield>
      <subfield code="f">1</subfield>
      <subfield code="g">0</subfield>
      <subfield code="h">Y</subfield>
      <subfield code="i">0</subfield>
      <subfield code="j">MAG3</subfield>
    </datafield>
    <datafield ind1="-" ind2="2" tag="Z30">
      <subfield code="1">XAW1</subfield>
      <subfield code="2">MAG3</subfield>
      <subfield code="3">B43158/1988</subfield>
      <subfield code="b">1988</subfield>
      <subfield code="h">1988</subfield>
    </datafield>
  </record>
  <record>
    <leader>00000nM2.01200024------u</leader>
    <controlfield tag="LDR">00000nM2.01200024------u</controlfield>
    <controlfield tag="FMT">MU</controlfield>
    <datafield ind1="-" ind2="1" tag="001">
      <subfield code="a">AC05745553</subfield>
    </datafield>
    <datafield ind1="-" ind2="2" tag="001">
      <subfield code="a">AC00470658</subfield>
    </datafield>
    <datafield ind1="-" ind2="1" tag="010">
      <subfield code="a">AC00470658</subfield>
    </datafield>
    <datafield ind1="z" ind2="2" tag="025">
      <subfield code="a">ZDB-4263-8</subfield>
    </datafield>
    <controlfield tag="030">a|1ucr|||||||</controlfield>
    <datafield ind1="a" ind2="1" tag="036">
      <subfield code="a">GB</subfield>
    </datafield>
    <datafield ind1="a" ind2="2" tag="036">
      <subfield code="a">GB</subfield>
      <subfield code="a">US</subfield>
    </datafield>
    <datafield ind1="b" ind2="1" tag="037">
      <subfield code="a">eng</subfield>
    </datafield>
    <datafield ind1="b" ind2="2" tag="037">
      <subfield code="a">eng</subfield>
    </datafield>
    <controlfield tag="050">a|a|||||||||||</controlfield>
    <controlfield tag="051">a|||||||</controlfield>
    <datafield ind1="b" ind2="2" tag="086">
      <subfield code="a">B43158</subfield>
    </datafield>
    <datafield ind1="c" ind2="2" tag="086">
      <subfield code="a">PerLM</subfield>
    </datafield>
    <datafield ind1="-" ind2="1" tag="089">
      <subfield code="a">1989</subfield>
    </datafield>
    <datafield ind1="i" ind2="1" tag="090">
      <subfield code="a">1989</subfield>
    </datafield>
    <datafield ind1="-" ind2="1" tag="090">
      <subfield code="a">1989</subfield>
    </datafield>
    <datafield ind1="-" ind2="1" tag="331">
      <subfield code="a">Revolution today aspirations &amp; realities</subfield>
    </datafield>
    <datafield ind1="-" ind2="2" tag="331">
      <subfield code="a">Socialist register</subfield>
    </datafield>
    <datafield ind1="a" ind2="2" tag="370">
      <subfield code="a">&lt;&lt;The&gt;&gt; socialist register</subfield>
    </datafield>
    <datafield ind1="-" ind2="2" tag="405">
      <subfield code="a">1.1964 -</subfield>
    </datafield>
    <datafield ind1="-" ind2="2" tag="410">
      <subfield code="a">London</subfield>
    </datafield>
    <datafield ind1="-" ind2="2" tag="412">
      <subfield code="a">Merlin Press</subfield>
    </datafield>
    <datafield ind1="-" ind2="2" tag="415">
      <subfield code="a">New York, NY</subfield>
    </datafield>
    <datafield ind1="-" ind2="2" tag="417">
      <subfield code="a">Monthly Review Press</subfield>
    </datafield>
    <datafield ind1="-" ind2="2" tag="418">
      <subfield code="a">Halifax</subfield>
      <subfield code="g">Fernwood Publ.</subfield>
    </datafield>
    <datafield ind1="-" ind2="2" tag="418">
      <subfield code="a">Rendlesham</subfield>
      <subfield code="g">Merlin Press</subfield>
      <subfield code="h">-1999</subfield>
    </datafield>
    <datafield ind1="-" ind2="2" tag="418">
      <subfield code="a">Atlantic Highlands, NJ</subfield>
      <subfield code="g">Humanities Press</subfield>
      <subfield code="h">-1999</subfield>
    </datafield>
    <datafield ind1="a" ind2="1" tag="425">
      <subfield code="a">1989</subfield>
    </datafield>
    <datafield ind1="b" ind2="2" tag="425">
      <subfield code="a">1964</subfield>
    </datafield>
    <datafield ind1="-" ind2="1" tag="433">
      <subfield code="a">Getr. Z&#xE4;hlung</subfield>
    </datafield>
    <datafield ind1="-" ind2="1" tag="455">
      <subfield code="a">1989</subfield>
    </datafield>
    <datafield ind1="-" ind2="1" tag="456">
      <subfield code="a">1989</subfield>
    </datafield>
    <datafield ind1="-" ind2="2" tag="507">
      <subfield code="a">Hauptsacht. bis 1984: The socialist register</subfield>
    </datafield>
    <datafield ind1="-" ind2="2" tag="523">
      <subfield code="a">Teils ohne Z&#xE4;hlung; ab 27.1991 Schriftenreihe</subfield>
    </datafield>
    <datafield ind1="z" ind2="2" tag="527">
      <subfield code="p">Online-Ausg. ---&gt;</subfield>
      <subfield code="a">Socialist register</subfield>
      <subfield code="9">2441683-6</subfield>
    </datafield>
    <datafield ind1="-" ind2="1" tag="540">
      <subfield code="a">0-85036-376-4</subfield>
    </datafield>
    <datafield ind1="-" ind2="1" tag="540">
      <subfield code="a">0-85036-377-2</subfield>
    </datafield>
    <datafield ind1="a" ind2="2" tag="542">
      <subfield code="a">0081-0606</subfield>
    </datafield>
    <datafield ind1="x" ind2="2" tag="700">
      <subfield code="a">335 Sozialismus und verwandte Systeme</subfield>
      <subfield code="c">22</subfield>
    </datafield>
    <datafield ind1="z" ind2="2" tag="700">
      <subfield code="a">695</subfield>
    </datafield>
    <datafield ind1="-" ind2="1" tag="SG1">
      <subfield code="a">200</subfield>
    </datafield>
    <datafield ind1="-" ind2="2" tag="SG1">
      <subfield code="a">200</subfield>
    </datafield>
    <datafield ind1="-" ind2="2" tag="902">
      <subfield code="s">Soziologie</subfield>
      <subfield code="9">(DE-588)4077624-4</subfield>
    </datafield>
    <datafield ind1="-" ind2="2" tag="902">
      <subfield code="f">Aufsatzsammlung</subfield>
    </datafield>
    <datafield ind1="-" ind2="2" tag="907">
      <subfield code="s">Marxismus</subfield>
      <subfield code="9">(DE-588)4037764-7</subfield>
    </datafield>
    <datafield ind1="-" ind2="2" tag="907">
      <subfield code="f">Aufsatzsammlung</subfield>
    </datafield>
    <datafield ind1="-" ind2="2" tag="912">
      <subfield code="s">Sozialismus</subfield>
      <subfield code="9">(DE-588)4055785-6</subfield>
    </datafield>
    <datafield ind1="-" ind2="2" tag="912">
      <subfield code="f">Aufsatzsammlung</subfield>
    </datafield>
    <controlfield tag="SYS">000310392</controlfield>
    <datafield ind1=" " ind2=" " tag="AVA">
      <subfield code="a">AKW50</subfield>
      <subfield code="b">XAW1</subfield>
      <subfield code="c">Fortsetzungsmagazin</subfield>
      <subfield code="d">B43158/1989</subfield>
      <subfield code="e">available</subfield>
      <subfield code="t">Verf&#xFC;gbar</subfield>
      <subfield code="f">1</subfield>
      <subfield code="g">0</subfield>
      <subfield code="h">Y</subfield>
      <subfield code="i">0</subfield>
      <subfield code="j">MAG3</subfield>
    </datafield>
    <datafield ind1="-" ind2="2" tag="Z30">
      <subfield code="1">XAW1</subfield>
      <subfield code="2">MAG3</subfield>
      <subfield code="3">B43158/1989</subfield>
      <subfield code="b">1989</subfield>
      <subfield code="h">1989</subfield>
    </datafield>
  </record>
  <record>
    <leader>00000nM2.01200024------u</leader>
    <controlfield tag="LDR">00000nM2.01200024------u</controlfield>
    <controlfield tag="FMT">MU</controlfield>
    <datafield ind1="-" ind2="1" tag="001">
      <subfield code="a">AC05745562</subfield>
    </datafield>
    <datafield ind1="-" ind2="2" tag="001">
      <subfield code="a">AC00470658</subfield>
    </datafield>
    <datafield ind1="-" ind2="1" tag="010">
      <subfield code="a">AC00470658</subfield>
    </datafield>
    <datafield ind1="z" ind2="2" tag="025">
      <subfield code="a">ZDB-4263-8</subfield>
    </datafield>
    <controlfield tag="030">a|1ucr|||||||</controlfield>
    <datafield ind1="a" ind2="1" tag="036">
      <subfield code="a">GB</subfield>
    </datafield>
    <datafield ind1="a" ind2="2" tag="036">
      <subfield code="a">GB</subfield>
      <subfield code="a">US</subfield>
    </datafield>
    <datafield ind1="b" ind2="1" tag="037">
      <subfield code="a">eng</subfield>
    </datafield>
    <datafield ind1="b" ind2="2" tag="037">
      <subfield code="a">eng</subfield>
    </datafield>
    <controlfield tag="050">a|a|||||||||||</controlfield>
    <controlfield tag="051">a|||||||</controlfield>
    <datafield ind1="b" ind2="2" tag="086">
      <subfield code="a">B43158</subfield>
    </datafield>
    <datafield ind1="c" ind2="2" tag="086">
      <subfield code="a">PerLM</subfield>
    </datafield>
    <datafield ind1="-" ind2="1" tag="089">
      <subfield code="a">1991</subfield>
    </datafield>
    <datafield ind1="i" ind2="1" tag="090">
      <subfield code="a">1991</subfield>
    </datafield>
    <datafield ind1="-" ind2="1" tag="090">
      <subfield code="a">1991</subfield>
    </datafield>
    <datafield ind1="-" ind2="1" tag="331">
      <subfield code="a">Communist regimes: the aftermath</subfield>
    </datafield>
    <datafield ind1="-" ind2="2" tag="331">
      <subfield code="a">Socialist register</subfield>
    </datafield>
    <datafield ind1="a" ind2="2" tag="370">
      <subfield code="a">&lt;&lt;The&gt;&gt; socialist register</subfield>
    </datafield>
    <datafield ind1="-" ind2="2" tag="405">
      <subfield code="a">1.1964 -</subfield>
    </datafield>
    <datafield ind1="-" ind2="2" tag="410">
      <subfield code="a">London</subfield>
    </datafield>
    <datafield ind1="-" ind2="2" tag="412">
      <subfield code="a">Merlin Press</subfield>
    </datafield>
    <datafield ind1="-" ind2="2" tag="415">
      <subfield code="a">New York, NY</subfield>
    </datafield>
    <datafield ind1="-" ind2="2" tag="417">
      <subfield code="a">Monthly Review Press</subfield>
    </datafield>
    <datafield ind1="-" ind2="2" tag="418">
      <subfield code="a">Halifax</subfield>
      <subfield code="g">Fernwood Publ.</subfield>
    </datafield>
    <datafield ind1="-" ind2="2" tag="418">
      <subfield code="a">Rendlesham</subfield>
      <subfield code="g">Merlin Press</subfield>
      <subfield code="h">-1999</subfield>
    </datafield>
    <datafield ind1="-" ind2="2" tag="418">
      <subfield code="a">Atlantic Highlands, NJ</subfield>
      <subfield code="g">Humanities Press</subfield>
      <subfield code="h">-1999</subfield>
    </datafield>
    <datafield ind1="a" ind2="1" tag="425">
      <subfield code="a">1991</subfield>
    </datafield>
    <datafield ind1="b" ind2="2" tag="425">
      <subfield code="a">1964</subfield>
    </datafield>
    <datafield ind1="-" ind2="1" tag="433">
      <subfield code="a">Getr. Z&#xE4;hlung</subfield>
    </datafield>
    <datafield ind1="-" ind2="1" tag="455">
      <subfield code="a">1991</subfield>
    </datafield>
    <datafield ind1="-" ind2="1" tag="456">
      <subfield code="a">1991</subfield>
    </datafield>
    <datafield ind1="-" ind2="2" tag="507">
      <subfield code="a">Hauptsacht. bis 1984: The socialist register</subfield>
    </datafield>
    <datafield ind1="-" ind2="2" tag="523">
      <subfield code="a">Teils ohne Z&#xE4;hlung; ab 27.1991 Schriftenreihe</subfield>
    </datafield>
    <datafield ind1="z" ind2="2" tag="527">
      <subfield code="p">Online-Ausg. ---&gt;</subfield>
      <subfield code="a">Socialist register</subfield>
      <subfield code="9">2441683-6</subfield>
    </datafield>
    <datafield ind1="-" ind2="1" tag="540">
      <subfield code="a">0-85036-419-1</subfield>
    </datafield>
    <datafield ind1="a" ind2="2" tag="542">
      <subfield code="a">0081-0606</subfield>
    </datafield>
    <datafield ind1="x" ind2="2" tag="700">
      <subfield code="a">335 Sozialismus und verwandte Systeme</subfield>
      <subfield code="c">22</subfield>
    </datafield>
    <datafield ind1="z" ind2="2" tag="700">
      <subfield code="a">695</subfield>
    </datafield>
    <datafield ind1="-" ind2="1" tag="SG1">
      <subfield code="a">200</subfield>
    </datafield>
    <datafield ind1="-" ind2="2" tag="SG1">
      <subfield code="a">200</subfield>
    </datafield>
    <datafield ind1="-" ind2="2" tag="902">
      <subfield code="s">Soziologie</subfield>
      <subfield code="9">(DE-588)4077624-4</subfield>
    </datafield>
    <datafield ind1="-" ind2="2" tag="902">
      <subfield code="f">Aufsatzsammlung</subfield>
    </datafield>
    <datafield ind1="-" ind2="2" tag="907">
      <subfield code="s">Marxismus</subfield>
      <subfield code="9">(DE-588)4037764-7</subfield>
    </datafield>
    <datafield ind1="-" ind2="2" tag="907">
      <subfield code="f">Aufsatzsammlung</subfield>
    </datafield>
    <datafield ind1="-" ind2="2" tag="912">
      <subfield code="s">Sozialismus</subfield>
      <subfield code="9">(DE-588)4055785-6</subfield>
    </datafield>
    <datafield ind1="-" ind2="2" tag="912">
      <subfield code="f">Aufsatzsammlung</subfield>
    </datafield>
    <controlfield tag="SYS">000310393</controlfield>
    <datafield ind1=" " ind2=" " tag="AVA">
      <subfield code="a">AKW50</subfield>
      <subfield code="b">XAW1</subfield>
      <subfield code="c">Fortsetzungsmagazin</subfield>
      <subfield code="d">B43158/1991</subfield>
      <subfield code="e">available</subfield>
      <subfield code="t">Verf&#xFC;gbar</subfield>
      <subfield code="f">1</subfield>
      <subfield code="g">0</subfield>
      <subfield code="h">Y</subfield>
      <subfield code="i">0</subfield>
      <subfield code="j">MAG3</subfield>
    </datafield>
    <datafield ind1="-" ind2="2" tag="Z30">
      <subfield code="1">XAW1</subfield>
      <subfield code="2">MAG3</subfield>
      <subfield code="3">B43158/1991</subfield>
      <subfield code="b">1991</subfield>
      <subfield code="h">1991</subfield>
    </datafield>
  </record>
  <record>
    <leader>00000nM2.01200024------u</leader>
    <controlfield tag="LDR">00000nM2.01200024------u</controlfield>
    <controlfield tag="FMT">MU</controlfield>
    <datafield ind1="-" ind2="1" tag="001">
      <subfield code="a">AC05745587</subfield>
    </datafield>
    <datafield ind1="-" ind2="2" tag="001">
      <subfield code="a">AC00470658</subfield>
    </datafield>
    <datafield ind1="-" ind2="1" tag="010">
      <subfield code="a">AC00470658</subfield>
    </datafield>
    <datafield ind1="z" ind2="2" tag="025">
      <subfield code="a">ZDB-4263-8</subfield>
    </datafield>
    <controlfield tag="030">a|1ucr|||||||</controlfield>
    <datafield ind1="a" ind2="1" tag="036">
      <subfield code="a">GB</subfield>
    </datafield>
    <datafield ind1="a" ind2="2" tag="036">
      <subfield code="a">GB</subfield>
      <subfield code="a">US</subfield>
    </datafield>
    <datafield ind1="b" ind2="1" tag="037">
      <subfield code="a">eng</subfield>
    </datafield>
    <datafield ind1="b" ind2="2" tag="037">
      <subfield code="a">eng</subfield>
    </datafield>
    <controlfield tag="050">a|a|||||||||||</controlfield>
    <controlfield tag="051">a|||||||</controlfield>
    <datafield ind1="b" ind2="2" tag="086">
      <subfield code="a">B43158</subfield>
    </datafield>
    <datafield ind1="c" ind2="2" tag="086">
      <subfield code="a">PerLM</subfield>
    </datafield>
    <datafield ind1="-" ind2="1" tag="089">
      <subfield code="a">1994</subfield>
    </datafield>
    <datafield ind1="i" ind2="1" tag="090">
      <subfield code="a">1994</subfield>
    </datafield>
    <datafield ind1="-" ind2="1" tag="090">
      <subfield code="a">1994</subfield>
    </datafield>
    <datafield ind1="-" ind2="1" tag="331">
      <subfield code="a">Between globalism and nationalism</subfield>
    </datafield>
    <datafield ind1="-" ind2="2" tag="331">
      <subfield code="a">Socialist register</subfield>
    </datafield>
    <datafield ind1="a" ind2="2" tag="370">
      <subfield code="a">&lt;&lt;The&gt;&gt; socialist register</subfield>
    </datafield>
    <datafield ind1="-" ind2="2" tag="405">
      <subfield code="a">1.1964 -</subfield>
    </datafield>
    <datafield ind1="-" ind2="2" tag="410">
      <subfield code="a">London</subfield>
    </datafield>
    <datafield ind1="-" ind2="2" tag="412">
      <subfield code="a">Merlin Press</subfield>
    </datafield>
    <datafield ind1="-" ind2="2" tag="415">
      <subfield code="a">New York, NY</subfield>
    </datafield>
    <datafield ind1="-" ind2="2" tag="417">
      <subfield code="a">Monthly Review Press</subfield>
    </datafield>
    <datafield ind1="-" ind2="2" tag="418">
      <subfield code="a">Halifax</subfield>
      <subfield code="g">Fernwood Publ.</subfield>
    </datafield>
    <datafield ind1="-" ind2="2" tag="418">
      <subfield code="a">Rendlesham</subfield>
      <subfield code="g">Merlin Press</subfield>
      <subfield code="h">-1999</subfield>
    </datafield>
    <datafield ind1="-" ind2="2" tag="418">
      <subfield code="a">Atlantic Highlands, NJ</subfield>
      <subfield code="g">Humanities Press</subfield>
      <subfield code="h">-1999</subfield>
    </datafield>
    <datafield ind1="a" ind2="1" tag="425">
      <subfield code="a">1994</subfield>
    </datafield>
    <datafield ind1="b" ind2="2" tag="425">
      <subfield code="a">1964</subfield>
    </datafield>
    <datafield ind1="-" ind2="1" tag="433">
      <subfield code="a">Getr. Z&#xE4;hlung</subfield>
    </datafield>
    <datafield ind1="-" ind2="1" tag="455">
      <subfield code="a">1994</subfield>
    </datafield>
    <datafield ind1="-" ind2="1" tag="456">
      <subfield code="a">1994</subfield>
    </datafield>
    <datafield ind1="-" ind2="2" tag="507">
      <subfield code="a">Hauptsacht. bis 1984: The socialist register</subfield>
    </datafield>
    <datafield ind1="-" ind2="2" tag="523">
      <subfield code="a">Teils ohne Z&#xE4;hlung; ab 27.1991 Schriftenreihe</subfield>
    </datafield>
    <datafield ind1="z" ind2="2" tag="527">
      <subfield code="p">Online-Ausg. ---&gt;</subfield>
      <subfield code="a">Socialist register</subfield>
      <subfield code="9">2441683-6</subfield>
    </datafield>
    <datafield ind1="-" ind2="1" tag="540">
      <subfield code="a">0-85036-441-8</subfield>
    </datafield>
    <datafield ind1="-" ind2="1" tag="540">
      <subfield code="a">0-85036-440-x</subfield>
    </datafield>
    <datafield ind1="a" ind2="2" tag="542">
      <subfield code="a">0081-0606</subfield>
    </datafield>
    <datafield ind1="x" ind2="2" tag="700">
      <subfield code="a">335 Sozialismus und verwandte Systeme</subfield>
      <subfield code="c">22</subfield>
    </datafield>
    <datafield ind1="z" ind2="2" tag="700">
      <subfield code="a">695</subfield>
    </datafield>
    <datafield ind1="-" ind2="1" tag="SG1">
      <subfield code="a">200</subfield>
    </datafield>
    <datafield ind1="-" ind2="2" tag="SG1">
      <subfield code="a">200</subfield>
    </datafield>
    <datafield ind1="-" ind2="2" tag="902">
      <subfield code="s">Soziologie</subfield>
      <subfield code="9">(DE-588)4077624-4</subfield>
    </datafield>
    <datafield ind1="-" ind2="2" tag="902">
      <subfield code="f">Aufsatzsammlung</subfield>
    </datafield>
    <datafield ind1="-" ind2="2" tag="907">
      <subfield code="s">Marxismus</subfield>
      <subfield code="9">(DE-588)4037764-7</subfield>
    </datafield>
    <datafield ind1="-" ind2="2" tag="907">
      <subfield code="f">Aufsatzsammlung</subfield>
    </datafield>
    <datafield ind1="-" ind2="2" tag="912">
      <subfield code="s">Sozialismus</subfield>
      <subfield code="9">(DE-588)4055785-6</subfield>
    </datafield>
    <datafield ind1="-" ind2="2" tag="912">
      <subfield code="f">Aufsatzsammlung</subfield>
    </datafield>
    <controlfield tag="SYS">000310394</controlfield>
    <datafield ind1=" " ind2=" " tag="AVA">
      <subfield code="a">AKW50</subfield>
      <subfield code="b">XAW1</subfield>
      <subfield code="c">Fortsetzungsmagazin</subfield>
      <subfield code="d">B43158/1994</subfield>
      <subfield code="e">available</subfield>
      <subfield code="t">Verf&#xFC;gbar</subfield>
      <subfield code="f">1</subfield>
      <subfield code="g">0</subfield>
      <subfield code="h">Y</subfield>
      <subfield code="i">0</subfield>
      <subfield code="j">MAG3</subfield>
    </datafield>
    <datafield ind1="-" ind2="2" tag="Z30">
      <subfield code="1">XAW1</subfield>
      <subfield code="2">MAG3</subfield>
      <subfield code="3">B43158/1994</subfield>
      <subfield code="b">1994</subfield>
      <subfield code="h">1994</subfield>
    </datafield>
  </record>
  <record>
    <leader>00000nM2.01200024------u</leader>
    <controlfield tag="LDR">00000nM2.01200024------u</controlfield>
    <controlfield tag="FMT">MU</controlfield>
    <datafield ind1="-" ind2="1" tag="001">
      <subfield code="a">AC05745599</subfield>
    </datafield>
    <datafield ind1="-" ind2="2" tag="001">
      <subfield code="a">AC00470658</subfield>
    </datafield>
    <datafield ind1="-" ind2="1" tag="010">
      <subfield code="a">AC00470658</subfield>
    </datafield>
    <datafield ind1="z" ind2="2" tag="025">
      <subfield code="a">ZDB-4263-8</subfield>
    </datafield>
    <controlfield tag="030">a|1ucr|||||||</controlfield>
    <datafield ind1="a" ind2="1" tag="036">
      <subfield code="a">GB</subfield>
    </datafield>
    <datafield ind1="a" ind2="2" tag="036">
      <subfield code="a">GB</subfield>
      <subfield code="a">US</subfield>
    </datafield>
    <datafield ind1="b" ind2="1" tag="037">
      <subfield code="a">eng</subfield>
    </datafield>
    <datafield ind1="b" ind2="2" tag="037">
      <subfield code="a">eng</subfield>
    </datafield>
    <controlfield tag="050">a|a|||||||||||</controlfield>
    <controlfield tag="051">a|||||||</controlfield>
    <datafield ind1="b" ind2="2" tag="086">
      <subfield code="a">B43158</subfield>
    </datafield>
    <datafield ind1="c" ind2="2" tag="086">
      <subfield code="a">PerLM</subfield>
    </datafield>
    <datafield ind1="-" ind2="1" tag="089">
      <subfield code="a">1996</subfield>
    </datafield>
    <datafield ind1="i" ind2="1" tag="090">
      <subfield code="a">1996</subfield>
    </datafield>
    <datafield ind1="-" ind2="1" tag="090">
      <subfield code="a">1996</subfield>
    </datafield>
    <datafield ind1="-" ind2="1" tag="331">
      <subfield code="a">Are there alternatives?</subfield>
    </datafield>
    <datafield ind1="-" ind2="2" tag="331">
      <subfield code="a">Socialist register</subfield>
    </datafield>
    <datafield ind1="a" ind2="2" tag="370">
      <subfield code="a">&lt;&lt;The&gt;&gt; socialist register</subfield>
    </datafield>
    <datafield ind1="-" ind2="2" tag="405">
      <subfield code="a">1.1964 -</subfield>
    </datafield>
    <datafield ind1="-" ind2="2" tag="410">
      <subfield code="a">London</subfield>
    </datafield>
    <datafield ind1="-" ind2="2" tag="412">
      <subfield code="a">Merlin Press</subfield>
    </datafield>
    <datafield ind1="-" ind2="2" tag="415">
      <subfield code="a">New York, NY</subfield>
    </datafield>
    <datafield ind1="-" ind2="2" tag="417">
      <subfield code="a">Monthly Review Press</subfield>
    </datafield>
    <datafield ind1="-" ind2="2" tag="418">
      <subfield code="a">Halifax</subfield>
      <subfield code="g">Fernwood Publ.</subfield>
    </datafield>
    <datafield ind1="-" ind2="2" tag="418">
      <subfield code="a">Rendlesham</subfield>
      <subfield code="g">Merlin Press</subfield>
      <subfield code="h">-1999</subfield>
    </datafield>
    <datafield ind1="-" ind2="2" tag="418">
      <subfield code="a">Atlantic Highlands, NJ</subfield>
      <subfield code="g">Humanities Press</subfield>
      <subfield code="h">-1999</subfield>
    </datafield>
    <datafield ind1="a" ind2="1" tag="425">
      <subfield code="a">1996</subfield>
    </datafield>
    <datafield ind1="b" ind2="2" tag="425">
      <subfield code="a">1964</subfield>
    </datafield>
    <datafield ind1="-" ind2="1" tag="433">
      <subfield code="a">Getr. Z&#xE4;hlung</subfield>
    </datafield>
    <datafield ind1="-" ind2="1" tag="455">
      <subfield code="a">1996</subfield>
    </datafield>
    <datafield ind1="-" ind2="1" tag="456">
      <subfield code="a">1996</subfield>
    </datafield>
    <datafield ind1="-" ind2="2" tag="507">
      <subfield code="a">Hauptsacht. bis 1984: The socialist register</subfield>
    </datafield>
    <datafield ind1="-" ind2="2" tag="523">
      <subfield code="a">Teils ohne Z&#xE4;hlung; ab 27.1991 Schriftenreihe</subfield>
    </datafield>
    <datafield ind1="z" ind2="2" tag="527">
      <subfield code="p">Online-Ausg. ---&gt;</subfield>
      <subfield code="a">Socialist register</subfield>
      <subfield code="9">2441683-6</subfield>
    </datafield>
    <datafield ind1="a" ind2="1" tag="540">
      <subfield code="a">0-85036-455-8</subfield>
    </datafield>
    <datafield ind1="a" ind2="2" tag="542">
      <subfield code="a">0081-0606</subfield>
    </datafield>
    <datafield ind1="x" ind2="2" tag="700">
      <subfield code="a">335 Sozialismus und verwandte Systeme</subfield>
      <subfield code="c">22</subfield>
    </datafield>
    <datafield ind1="z" ind2="2" tag="700">
      <subfield code="a">695</subfield>
    </datafield>
    <datafield ind1="-" ind2="1" tag="SG1">
      <subfield code="a">200</subfield>
    </datafield>
    <datafield ind1="-" ind2="2" tag="SG1">
      <subfield code="a">200</subfield>
    </datafield>
    <datafield ind1="-" ind2="2" tag="902">
      <subfield code="s">Soziologie</subfield>
      <subfield code="9">(DE-588)4077624-4</subfield>
    </datafield>
    <datafield ind1="-" ind2="2" tag="902">
      <subfield code="f">Aufsatzsammlung</subfield>
    </datafield>
    <datafield ind1="-" ind2="2" tag="907">
      <subfield code="s">Marxismus</subfield>
      <subfield code="9">(DE-588)4037764-7</subfield>
    </datafield>
    <datafield ind1="-" ind2="2" tag="907">
      <subfield code="f">Aufsatzsammlung</subfield>
    </datafield>
    <datafield ind1="-" ind2="2" tag="912">
      <subfield code="s">Sozialismus</subfield>
      <subfield code="9">(DE-588)4055785-6</subfield>
    </datafield>
    <datafield ind1="-" ind2="2" tag="912">
      <subfield code="f">Aufsatzsammlung</subfield>
    </datafield>
    <controlfield tag="SYS">000310395</controlfield>
    <datafield ind1=" " ind2=" " tag="AVA">
      <subfield code="a">AKW50</subfield>
      <subfield code="b">XAW1</subfield>
      <subfield code="c">Fortsetzungsmagazin</subfield>
      <subfield code="d">B43158/1996</subfield>
      <subfield code="e">available</subfield>
      <subfield code="t">Verf&#xFC;gbar</subfield>
      <subfield code="f">1</subfield>
      <subfield code="g">0</subfield>
      <subfield code="h">Y</subfield>
      <subfield code="i">0</subfield>
      <subfield code="j">MAG3</subfield>
    </datafield>
    <datafield ind1="-" ind2="2" tag="Z30">
      <subfield code="1">XAW1</subfield>
      <subfield code="2">MAG3</subfield>
      <subfield code="3">B43158/1996</subfield>
      <subfield code="b">1996</subfield>
      <subfield code="h">1996</subfield>
    </datafield>
  </record>
  <record>
    <leader>00000nM2.01200024------u</leader>
    <controlfield tag="LDR">00000nM2.01200024------u</controlfield>
    <controlfield tag="FMT">MU</controlfield>
    <datafield ind1="-" ind2="1" tag="001">
      <subfield code="a">AC05745607</subfield>
    </datafield>
    <datafield ind1="-" ind2="2" tag="001">
      <subfield code="a">AC00470658</subfield>
    </datafield>
    <datafield ind1="-" ind2="1" tag="010">
      <subfield code="a">AC00470658</subfield>
    </datafield>
    <datafield ind1="z" ind2="2" tag="025">
      <subfield code="a">ZDB-4263-8</subfield>
    </datafield>
    <controlfield tag="030">a|1ucr|||||||</controlfield>
    <datafield ind1="a" ind2="1" tag="036">
      <subfield code="a">GB</subfield>
    </datafield>
    <datafield ind1="a" ind2="2" tag="036">
      <subfield code="a">GB</subfield>
      <subfield code="a">US</subfield>
    </datafield>
    <datafield ind1="b" ind2="1" tag="037">
      <subfield code="a">eng</subfield>
    </datafield>
    <datafield ind1="b" ind2="2" tag="037">
      <subfield code="a">eng</subfield>
    </datafield>
    <controlfield tag="050">a|a|||||||||||</controlfield>
    <controlfield tag="051">a|||||||</controlfield>
    <datafield ind1="b" ind2="2" tag="086">
      <subfield code="a">B43158</subfield>
    </datafield>
    <datafield ind1="c" ind2="2" tag="086">
      <subfield code="a">PerLM</subfield>
    </datafield>
    <datafield ind1="-" ind2="1" tag="089">
      <subfield code="a">1998</subfield>
    </datafield>
    <datafield ind1="i" ind2="1" tag="090">
      <subfield code="a">1998</subfield>
    </datafield>
    <datafield ind1="-" ind2="1" tag="090">
      <subfield code="a">1998</subfield>
    </datafield>
    <datafield ind1="-" ind2="1" tag="331">
      <subfield code="a">&lt;&lt;The&gt;&gt; communist manifesto now</subfield>
    </datafield>
    <datafield ind1="-" ind2="2" tag="331">
      <subfield code="a">Socialist register</subfield>
    </datafield>
    <datafield ind1="a" ind2="2" tag="370">
      <subfield code="a">&lt;&lt;The&gt;&gt; socialist register</subfield>
    </datafield>
    <datafield ind1="-" ind2="2" tag="405">
      <subfield code="a">1.1964 -</subfield>
    </datafield>
    <datafield ind1="-" ind2="2" tag="410">
      <subfield code="a">London</subfield>
    </datafield>
    <datafield ind1="-" ind2="2" tag="412">
      <subfield code="a">Merlin Press</subfield>
    </datafield>
    <datafield ind1="-" ind2="2" tag="415">
      <subfield code="a">New York, NY</subfield>
    </datafield>
    <datafield ind1="-" ind2="2" tag="417">
      <subfield code="a">Monthly Review Press</subfield>
    </datafield>
    <datafield ind1="-" ind2="2" tag="418">
      <subfield code="a">Halifax</subfield>
      <subfield code="g">Fernwood Publ.</subfield>
    </datafield>
    <datafield ind1="-" ind2="2" tag="418">
      <subfield code="a">Rendlesham</subfield>
      <subfield code="g">Merlin Press</subfield>
      <subfield code="h">-1999</subfield>
    </datafield>
    <datafield ind1="-" ind2="2" tag="418">
      <subfield code="a">Atlantic Highlands, NJ</subfield>
      <subfield code="g">Humanities Press</subfield>
      <subfield code="h">-1999</subfield>
    </datafield>
    <datafield ind1="a" ind2="1" tag="425">
      <subfield code="a">1998</subfield>
    </datafield>
    <datafield ind1="b" ind2="2" tag="425">
      <subfield code="a">1964</subfield>
    </datafield>
    <datafield ind1="-" ind2="1" tag="433">
      <subfield code="a">Getr. Z&#xE4;hlung</subfield>
    </datafield>
    <datafield ind1="-" ind2="1" tag="455">
      <subfield code="a">1998</subfield>
    </datafield>
    <datafield ind1="-" ind2="1" tag="456">
      <subfield code="a">1998</subfield>
    </datafield>
    <datafield ind1="-" ind2="2" tag="507">
      <subfield code="a">Hauptsacht. bis 1984: The socialist register</subfield>
    </datafield>
    <datafield ind1="-" ind2="2" tag="523">
      <subfield code="a">Teils ohne Z&#xE4;hlung; ab 27.1991 Schriftenreihe</subfield>
    </datafield>
    <datafield ind1="z" ind2="2" tag="527">
      <subfield code="p">Online-Ausg. ---&gt;</subfield>
      <subfield code="a">Socialist register</subfield>
      <subfield code="9">2441683-6</subfield>
    </datafield>
    <datafield ind1="a" ind2="1" tag="540">
      <subfield code="a">0-85036-472-8</subfield>
    </datafield>
    <datafield ind1="a" ind2="2" tag="542">
      <subfield code="a">0081-0606</subfield>
    </datafield>
    <datafield ind1="x" ind2="2" tag="700">
      <subfield code="a">335 Sozialismus und verwandte Systeme</subfield>
      <subfield code="c">22</subfield>
    </datafield>
    <datafield ind1="z" ind2="2" tag="700">
      <subfield code="a">695</subfield>
    </datafield>
    <datafield ind1="-" ind2="1" tag="SG1">
      <subfield code="a">200</subfield>
    </datafield>
    <datafield ind1="-" ind2="2" tag="SG1">
      <subfield code="a">200</subfield>
    </datafield>
    <datafield ind1="-" ind2="2" tag="902">
      <subfield code="s">Soziologie</subfield>
      <subfield code="9">(DE-588)4077624-4</subfield>
    </datafield>
    <datafield ind1="-" ind2="2" tag="902">
      <subfield code="f">Aufsatzsammlung</subfield>
    </datafield>
    <datafield ind1="-" ind2="2" tag="907">
      <subfield code="s">Marxismus</subfield>
      <subfield code="9">(DE-588)4037764-7</subfield>
    </datafield>
    <datafield ind1="-" ind2="2" tag="907">
      <subfield code="f">Aufsatzsammlung</subfield>
    </datafield>
    <datafield ind1="-" ind2="2" tag="912">
      <subfield code="s">Sozialismus</subfield>
      <subfield code="9">(DE-588)4055785-6</subfield>
    </datafield>
    <datafield ind1="-" ind2="2" tag="912">
      <subfield code="f">Aufsatzsammlung</subfield>
    </datafield>
    <controlfield tag="SYS">000310396</controlfield>
    <datafield ind1=" " ind2=" " tag="AVA">
      <subfield code="a">AKW50</subfield>
      <subfield code="b">XAW1</subfield>
      <subfield code="c">Fortsetzungsmagazin</subfield>
      <subfield code="d">B43158/1998</subfield>
      <subfield code="e">available</subfield>
      <subfield code="t">Verf&#xFC;gbar</subfield>
      <subfield code="f">1</subfield>
      <subfield code="g">0</subfield>
      <subfield code="h">Y</subfield>
      <subfield code="i">0</subfield>
      <subfield code="j">MAG3</subfield>
    </datafield>
    <datafield ind1="-" ind2="2" tag="Z30">
      <subfield code="1">XAW1</subfield>
      <subfield code="2">MAG3</subfield>
      <subfield code="3">B43158/1998</subfield>
      <subfield code="b">1998</subfield>
      <subfield code="h">1998</subfield>
    </datafield>
  </record>
  <record>
    <leader>00000nM2.01200024------u</leader>
    <controlfield tag="LDR">00000nM2.01200024------u</controlfield>
    <controlfield tag="FMT">MU</controlfield>
    <datafield ind1="-" ind2="1" tag="001">
      <subfield code="a">AC05745632</subfield>
    </datafield>
    <datafield ind1="-" ind2="2" tag="001">
      <subfield code="a">AC00470658</subfield>
    </datafield>
    <datafield ind1="-" ind2="1" tag="010">
      <subfield code="a">AC00470658</subfield>
    </datafield>
    <datafield ind1="z" ind2="2" tag="025">
      <subfield code="a">ZDB-4263-8</subfield>
    </datafield>
    <controlfield tag="030">a|1ucr|||||||</controlfield>
    <datafield ind1="a" ind2="1" tag="036">
      <subfield code="a">GB</subfield>
    </datafield>
    <datafield ind1="a" ind2="2" tag="036">
      <subfield code="a">GB</subfield>
      <subfield code="a">US</subfield>
    </datafield>
    <datafield ind1="b" ind2="1" tag="037">
      <subfield code="a">eng</subfield>
    </datafield>
    <datafield ind1="b" ind2="2" tag="037">
      <subfield code="a">eng</subfield>
    </datafield>
    <controlfield tag="050">a|a|||||||||||</controlfield>
    <controlfield tag="051">a|||||||</controlfield>
    <datafield ind1="b" ind2="2" tag="086">
      <subfield code="a">B43158</subfield>
    </datafield>
    <datafield ind1="c" ind2="2" tag="086">
      <subfield code="a">PerLM</subfield>
    </datafield>
    <datafield ind1="-" ind2="1" tag="089">
      <subfield code="a">1997</subfield>
    </datafield>
    <datafield ind1="i" ind2="1" tag="090">
      <subfield code="a">1997</subfield>
    </datafield>
    <datafield ind1="-" ind2="1" tag="090">
      <subfield code="a">1997</subfield>
    </datafield>
    <datafield ind1="-" ind2="1" tag="331">
      <subfield code="a">Ruthless criticism of all that exists</subfield>
    </datafield>
    <datafield ind1="-" ind2="2" tag="331">
      <subfield code="a">Socialist register</subfield>
    </datafield>
    <datafield ind1="a" ind2="2" tag="370">
      <subfield code="a">&lt;&lt;The&gt;&gt; socialist register</subfield>
    </datafield>
    <datafield ind1="-" ind2="2" tag="405">
      <subfield code="a">1.1964 -</subfield>
    </datafield>
    <datafield ind1="-" ind2="2" tag="410">
      <subfield code="a">London</subfield>
    </datafield>
    <datafield ind1="-" ind2="2" tag="412">
      <subfield code="a">Merlin Press</subfield>
    </datafield>
    <datafield ind1="-" ind2="2" tag="415">
      <subfield code="a">New York, NY</subfield>
    </datafield>
    <datafield ind1="-" ind2="2" tag="417">
      <subfield code="a">Monthly Review Press</subfield>
    </datafield>
    <datafield ind1="-" ind2="2" tag="418">
      <subfield code="a">Halifax</subfield>
      <subfield code="g">Fernwood Publ.</subfield>
    </datafield>
    <datafield ind1="-" ind2="2" tag="418">
      <subfield code="a">Rendlesham</subfield>
      <subfield code="g">Merlin Press</subfield>
      <subfield code="h">-1999</subfield>
    </datafield>
    <datafield ind1="-" ind2="2" tag="418">
      <subfield code="a">Atlantic Highlands, NJ</subfield>
      <subfield code="g">Humanities Press</subfield>
      <subfield code="h">-1999</subfield>
    </datafield>
    <datafield ind1="a" ind2="1" tag="425">
      <subfield code="a">1997</subfield>
    </datafield>
    <datafield ind1="b" ind2="2" tag="425">
      <subfield code="a">1964</subfield>
    </datafield>
    <datafield ind1="-" ind2="1" tag="433">
      <subfield code="a">Getr. Z&#xE4;hlung</subfield>
    </datafield>
    <datafield ind1="-" ind2="1" tag="455">
      <subfield code="a">1997</subfield>
    </datafield>
    <datafield ind1="-" ind2="1" tag="456">
      <subfield code="a">1997</subfield>
    </datafield>
    <datafield ind1="-" ind2="2" tag="507">
      <subfield code="a">Hauptsacht. bis 1984: The socialist register</subfield>
    </datafield>
    <datafield ind1="-" ind2="2" tag="523">
      <subfield code="a">Teils ohne Z&#xE4;hlung; ab 27.1991 Schriftenreihe</subfield>
    </datafield>
    <datafield ind1="z" ind2="2" tag="527">
      <subfield code="p">Online-Ausg. ---&gt;</subfield>
      <subfield code="a">Socialist register</subfield>
      <subfield code="9">2441683-6</subfield>
    </datafield>
    <datafield ind1="a" ind2="1" tag="540">
      <subfield code="a">0-85036-465-5</subfield>
    </datafield>
    <datafield ind1="a" ind2="2" tag="542">
      <subfield code="a">0081-0606</subfield>
    </datafield>
    <datafield ind1="x" ind2="2" tag="700">
      <subfield code="a">335 Sozialismus und verwandte Systeme</subfield>
      <subfield code="c">22</subfield>
    </datafield>
    <datafield ind1="z" ind2="2" tag="700">
      <subfield code="a">695</subfield>
    </datafield>
    <datafield ind1="-" ind2="2" tag="SG1">
      <subfield code="a">200</subfield>
    </datafield>
    <datafield ind1="-" ind2="2" tag="902">
      <subfield code="s">Soziologie</subfield>
      <subfield code="9">(DE-588)4077624-4</subfield>
    </datafield>
    <datafield ind1="-" ind2="2" tag="902">
      <subfield code="f">Aufsatzsammlung</subfield>
    </datafield>
    <datafield ind1="-" ind2="2" tag="907">
      <subfield code="s">Marxismus</subfield>
      <subfield code="9">(DE-588)4037764-7</subfield>
    </datafield>
    <datafield ind1="-" ind2="2" tag="907">
      <subfield code="f">Aufsatzsammlung</subfield>
    </datafield>
    <datafield ind1="-" ind2="2" tag="912">
      <subfield code="s">Sozialismus</subfield>
      <subfield code="9">(DE-588)4055785-6</subfield>
    </datafield>
    <datafield ind1="-" ind2="2" tag="912">
      <subfield code="f">Aufsatzsammlung</subfield>
    </datafield>
    <controlfield tag="SYS">000310397</controlfield>
    <datafield ind1=" " ind2=" " tag="AVA">
      <subfield code="a">AKW50</subfield>
      <subfield code="b">XAW1</subfield>
      <subfield code="c">Fortsetzungsmagazin</subfield>
      <subfield code="d">B43158/1997</subfield>
      <subfield code="e">available</subfield>
      <subfield code="t">Verf&#xFC;gbar</subfield>
      <subfield code="f">1</subfield>
      <subfield code="g">0</subfield>
      <subfield code="h">Y</subfield>
      <subfield code="i">0</subfield>
      <subfield code="j">MAG3</subfield>
    </datafield>
    <datafield ind1="-" ind2="2" tag="Z30">
      <subfield code="1">XAW1</subfield>
      <subfield code="2">MAG3</subfield>
      <subfield code="3">B43158/1997</subfield>
      <subfield code="b">1997</subfield>
      <subfield code="h">1997</subfield>
    </datafield>
  </record>