
  <record>
    <leader>00404nM2.01000024------h</leader>
    <controlfield tag="LDR">00404nM2.01000024------h</controlfield>
    <controlfield tag="FMT">MH</controlfield>
    <datafield ind1="-" ind2="1" tag="001">
      <subfield code="a">AC00889842</subfield>
    </datafield>
    <datafield ind1="a" ind2="1" tag="002">
      <subfield code="a">19940608</subfield>
    </datafield>
    <datafield ind1="-" ind2="1" tag="003">
      <subfield code="a">20160708</subfield>
    </datafield>
    <datafield ind1="z" ind2="1" tag="025">
      <subfield code="a">ZDB-915914-9</subfield>
    </datafield>
    <datafield ind1="-" ind2="1" tag="026">
      <subfield code="a">OBVAC00889842</subfield>
    </datafield>
    <controlfield tag="030">z|1dcr|||||37</controlfield>
    <datafield ind1="a" ind2="1" tag="036">
      <subfield code="a">AT</subfield>
    </datafield>
    <datafield ind1="b" ind2="1" tag="037">
      <subfield code="a">ger</subfield>
    </datafield>
    <controlfield tag="050">a|a|||||||||||</controlfield>
    <controlfield tag="052">z||||||ad||||||</controlfield>
    <datafield ind1="-" ind2="1" tag="070">
      <subfield code="a">WUW</subfield>
    </datafield>
    <datafield ind1="b" ind2="1" tag="070">
      <subfield code="a">ONB</subfield>
    </datafield>
    <datafield ind1="s" ind2="1" tag="076">
      <subfield code="a">01</subfield>
    </datafield>
    <datafield ind1="b" ind2="1" tag="086">
      <subfield code="a">D7130</subfield>
    </datafield>
    <datafield ind1="c" ind2="1" tag="086">
      <subfield code="a">ZSL Tisch 5</subfield>
    </datafield>
    <datafield ind1="-" ind2="1" tag="331">
      <subfield code="a">&lt;&lt;Der&gt;&gt; Standard</subfield>
    </datafield>
    <datafield ind1="-" ind2="1" tag="335">
      <subfield code="a">&#xD6;sterreichs unabh&#xE4;ngige Tageszeitung f&#xFC;r Wirtschaft, Politik und Kultur</subfield>
    </datafield>
    <datafield ind1="-" ind2="1" tag="405">
      <subfield code="a">1988,Probe-Nr.1a-1b; 2-10 = 23.Sept.-18.Okt.: 1.1988,1(19.Okt) -</subfield>
    </datafield>
    <datafield ind1="-" ind2="1" tag="410">
      <subfield code="a">Wien</subfield>
    </datafield>
    <datafield ind1="-" ind2="1" tag="412">
      <subfield code="a">Standard Verl.-Ges.</subfield>
    </datafield>
    <datafield ind1="-" ind2="1" tag="418">
      <subfield code="a">Wien</subfield>
      <subfield code="g">Bronner GmbH</subfield>
      <subfield code="h">anfangs</subfield>
    </datafield>
    <datafield ind1="b" ind2="1" tag="425">
      <subfield code="a">1988</subfield>
    </datafield>
    <datafield ind1="-" ind2="1" tag="523">
      <subfield code="a">Ersch. t&#xE4;glich au&#xDF;er Sonntag</subfield>
    </datafield>
    <datafield ind1="z" ind2="1" tag="527">
      <subfield code="p">Online-Ausg.</subfield>
      <subfield code="a">&lt;&lt;Der&gt;&gt; Standard</subfield>
      <subfield code="9">AC05645330</subfield>
    </datafield>
    <datafield ind1="z" ind2="1" tag="529">
      <subfield code="p">Beil. ab 1996</subfield>
      <subfield code="a">PC-Tip</subfield>
      <subfield code="9">AC02889500</subfield>
    </datafield>
    <datafield ind1="-" ind2="1" tag="529">
      <subfield code="p">Beil. 1992-1995</subfield>
      <subfield code="a">PC-Test</subfield>
    </datafield>
    <datafield ind1="z" ind2="1" tag="529">
      <subfield code="p">Beil. ab 2002</subfield>
      <subfield code="a">MQ Site</subfield>
      <subfield code="9">AC03462005</subfield>
    </datafield>
    <datafield ind1="z" ind2="1" tag="529">
      <subfield code="p">Beil. ab Okt. 2002</subfield>
      <subfield code="a">Outlet</subfield>
      <subfield code="9">AC03617848</subfield>
    </datafield>
    <datafield ind1="z" ind2="1" tag="529">
      <subfield code="p">Beil. ab Oktober 2003</subfield>
      <subfield code="a">Industries</subfield>
      <subfield code="9">AC03868858</subfield>
    </datafield>
    <datafield ind1="z" ind2="1" tag="529">
      <subfield code="p">Beil. ab M&#xE4;rz 2004</subfield>
      <subfield code="a">Move</subfield>
      <subfield code="9">AC04167490</subfield>
    </datafield>
    <datafield ind1="z" ind2="1" tag="529">
      <subfield code="p">Beil. ab Sept. 2006</subfield>
      <subfield code="a">&lt;&lt;Der&gt;&gt; Standard / &#xDC;ber uns</subfield>
      <subfield code="9">2299015-X</subfield>
    </datafield>
    <datafield ind1="z" ind2="1" tag="529">
      <subfield code="p">Beil. ab 2014</subfield>
      <subfield code="a">Career calling ...</subfield>
      <subfield code="9">AC12232446</subfield>
    </datafield>
    <datafield ind1="-" ind2="1" tag="529">
      <subfield code="p">Beil.</subfield>
      <subfield code="a">Wirtschaft &amp; Region</subfield>
    </datafield>
    <datafield ind1="z" ind2="1" tag="529">
      <subfield code="p">Beil.</subfield>
      <subfield code="a">&lt;&lt;Der&gt;&gt; Standard / Rondo</subfield>
      <subfield code="9">AC12113122</subfield>
    </datafield>
    <datafield ind1="z" ind2="1" tag="529">
      <subfield code="p">Ab 2010,27.3. Beil.</subfield>
      <subfield code="a">&lt;&lt;Der&gt;&gt; Standard / RONDO mobil</subfield>
      <subfield code="9">AC12277362</subfield>
    </datafield>
    <datafield ind1="z" ind2="1" tag="529">
      <subfield code="p">Ab 2014,Nr.7844(20.11.) Beil.</subfield>
      <subfield code="a">&lt;&lt;Der&gt;&gt; Standard / RONDO Digital</subfield>
      <subfield code="9">AC12278955</subfield>
    </datafield>
    <datafield ind1="-" ind2="1" tag="529">
      <subfield code="p">Beil.</subfield>
      <subfield code="a">Album</subfield>
    </datafield>
    <datafield ind1="-" ind2="1" tag="529">
      <subfield code="p">Beil.</subfield>
      <subfield code="a">Forschungserfolge</subfield>
    </datafield>
    <datafield ind1="-" ind2="1" tag="529">
      <subfield code="p">Beil.</subfield>
      <subfield code="a">&lt;&lt;Der&gt;&gt; Viennalestandard</subfield>
    </datafield>
    <datafield ind1="-" ind2="1" tag="529">
      <subfield code="p">Ab 2006,Nov. Beil.</subfield>
      <subfield code="a">&lt;&lt;Der&gt;&gt; Standard / Wirtschaft &amp; Recht</subfield>
      <subfield code="9">AC12279335</subfield>
    </datafield>
    <datafield ind1="z" ind2="1" tag="529">
      <subfield code="p">Ab 2006 Beil.</subfield>
      <subfield code="a">At.venture</subfield>
      <subfield code="9">2272486-2</subfield>
    </datafield>
    <datafield ind1="z" ind2="1" tag="529">
      <subfield code="p">Ab 2006 Beil.</subfield>
      <subfield code="a">&#xD6;sterreichische Bundesforste AG &lt;Wien&gt;: Nachhaltigkeitsbericht zum Gesch&#xE4;ftsjahr ...</subfield>
      <subfield code="9">AC04549854</subfield>
    </datafield>
    <datafield ind1="z" ind2="1" tag="529">
      <subfield code="p">Beil.</subfield>
      <subfield code="a">Passt!</subfield>
      <subfield code="9">AC09590466</subfield>
    </datafield>
    <datafield ind1="z" ind2="1" tag="529">
      <subfield code="p">1999 - 2009 Sonderbeil.</subfield>
      <subfield code="a">Vorspiel</subfield>
      <subfield code="9">2482349-1</subfield>
    </datafield>
    <datafield ind1="z" ind2="1" tag="529">
      <subfield code="p">Ab 2009 Sonderbeil.</subfield>
      <subfield code="a">SpielBurgSchau</subfield>
      <subfield code="9">2531345-9</subfield>
    </datafield>
    <datafield ind1="-" ind2="1" tag="529">
      <subfield code="p">Ab 2011,Okt. Beil.</subfield>
      <subfield code="a">Mediaplanet</subfield>
    </datafield>
    <datafield ind1="z" ind2="1" tag="529">
      <subfield code="p">Ab 2012 Beil.</subfield>
      <subfield code="a">Immobilien exklusiv</subfield>
      <subfield code="9">AC08969981</subfield>
    </datafield>
    <datafield ind1="z" ind2="1" tag="529">
      <subfield code="p">Ab 2012 Beil.</subfield>
      <subfield code="a">Threesixty</subfield>
      <subfield code="9">2672944-1</subfield>
    </datafield>
    <datafield ind1="z" ind2="1" tag="529">
      <subfield code="p">Ab 2012 Beil.</subfield>
      <subfield code="a">Green life</subfield>
      <subfield code="9">AC09395234</subfield>
    </datafield>
    <datafield ind1="z" ind2="1" tag="529">
      <subfield code="p">Ab 2012 Beil.</subfield>
      <subfield code="a">Karrieren-Standards</subfield>
      <subfield code="9">AC09575642</subfield>
    </datafield>
    <datafield ind1="z" ind2="1" tag="529">
      <subfield code="p">Ab 2012 Beil.</subfield>
      <subfield code="a">Cure</subfield>
      <subfield code="9">AC10670978</subfield>
    </datafield>
    <datafield ind1="z" ind2="1" tag="529">
      <subfield code="p">Beil.</subfield>
      <subfield code="a">&lt;&lt;Der &gt;&gt; Standard / Family</subfield>
      <subfield code="9">AC11167502</subfield>
    </datafield>
    <datafield ind1="z" ind2="1" tag="529">
      <subfield code="p">Ab 23.5.2013 Beil.</subfield>
      <subfield code="a">&lt;&lt;Der&gt;&gt; Standard / RONDO Feinkost</subfield>
      <subfield code="9">AC11166662</subfield>
    </datafield>
    <datafield ind1="z" ind2="1" tag="529">
      <subfield code="p">Ab 18.9.2013 Beil.</subfield>
      <subfield code="a">&lt;&lt;Der Standard&gt;&gt; / Rondo exklusiv</subfield>
      <subfield code="9">AC11167047</subfield>
    </datafield>
    <datafield ind1="z" ind2="1" tag="529">
      <subfield code="p">Ab 2013 Beil.</subfield>
      <subfield code="a">Immobilienwirtschaft</subfield>
      <subfield code="9">AC11609638</subfield>
    </datafield>
    <datafield ind1="z" ind2="1" tag="529">
      <subfield code="p">Suppl. ab 2013</subfield>
      <subfield code="a">Open Haus</subfield>
      <subfield code="9">AC11665699</subfield>
    </datafield>
    <datafield ind1="z" ind2="1" tag="529">
      <subfield code="p">Supplement ab 2016</subfield>
      <subfield code="a">TOP Arbeitgeber &#xD6;sterreichs</subfield>
      <subfield code="9">AC13265330</subfield>
    </datafield>
    <datafield ind1="z" ind2="1" tag="530">
      <subfield code="p">Beil. 2011,21. Sept.</subfield>
      <subfield code="a">Wald Menschen Holz K&#xF6;pfe</subfield>
      <subfield code="9">AC08861161</subfield>
    </datafield>
    <datafield ind1="-" ind2="1" tag="537">
      <subfield code="a">Bitte keine URLS eintragen ...</subfield>
    </datafield>
    <datafield ind1="x" ind2="1" tag="700">
      <subfield code="a">070 Nachrichtenmedien, Journalismus, Verlagswesen</subfield>
      <subfield code="c">22</subfield>
    </datafield>
    <datafield ind1="z" ind2="1" tag="700">
      <subfield code="a">100</subfield>
    </datafield>
    <datafield ind1="b" ind2="1" tag="710">
      <subfield code="a">&#xD6;sterreich</subfield>
    </datafield>
    <datafield ind1="f" ind2="1" tag="710">
      <subfield code="a">Zeitungen</subfield>
    </datafield>
    <datafield ind1="-" ind2="1" tag="902">
      <subfield code="g">Wien</subfield>
      <subfield code="9">(DE-588)4066009-6</subfield>
    </datafield>
    <datafield ind1="-" ind2="1" tag="902">
      <subfield code="f">Zeitung</subfield>
    </datafield>
    <controlfield tag="SYS">000311009</controlfield>
    <datafield ind1=" " ind2="9" tag="071">
      <subfield code="a">AKW</subfield>
      <subfield code="2">XAW1</subfield>
    </datafield>
    <datafield ind1=" " ind2="9" tag="200">
      <subfield code="b">19.Okt.1988 -</subfield>
      <subfield code="c">[N=2004, M&#xE4;rz]</subfield>
      <subfield code="f">D7130</subfield>
      <subfield code="g">Tisch 5</subfield>
      <subfield code="2">AKW</subfield>
    </datafield>
    <datafield ind1=" " ind2="9" tag="NTU">
      <subfield code="a">FSW-Bestand</subfield>
      <subfield code="2">XAW1</subfield>
    </datafield>
    <datafield ind1=" " ind2="9" tag="OWN">
      <subfield code="a">XAW1</subfield>
    </datafield>
    <datafield ind1=" " ind2=" " tag="SWD">
      <subfield code="9">(DE-588)1012345-3</subfield>
    </datafield>
    <datafield ind1=" " ind2=" " tag="SWD">
      <subfield code="g">Vienna</subfield>
      <subfield code="9">(DE-588)4066009-6</subfield>
    </datafield>
    <datafield ind1=" " ind2=" " tag="SWD">
      <subfield code="g">Land Wien</subfield>
      <subfield code="9">(DE-588)4066009-6</subfield>
    </datafield>
    <datafield ind1=" " ind2=" " tag="SWD">
      <subfield code="g">Wenia</subfield>
      <subfield code="9">(DE-588)4066009-6</subfield>
    </datafield>
    <datafield ind1=" " ind2=" " tag="SWD">
      <subfield code="g">Bundesland Wien</subfield>
      <subfield code="9">(DE-588)4066009-6</subfield>
    </datafield>
    <datafield ind1=" " ind2=" " tag="SWD">
      <subfield code="g">Stadt Wien</subfield>
      <subfield code="9">(DE-588)4066009-6</subfield>
    </datafield>
    <datafield ind1=" " ind2=" " tag="SWD">
      <subfield code="g">Bundeshauptstadt Wien</subfield>
      <subfield code="9">(DE-588)4066009-6</subfield>
    </datafield>
    <datafield ind1=" " ind2=" " tag="SWD">
      <subfield code="g">Bundesunmittelbare Stadt Wien</subfield>
      <subfield code="9">(DE-588)4066009-6</subfield>
    </datafield>
    <datafield ind1=" " ind2=" " tag="SWD">
      <subfield code="g">Kaiserlich-K&#xF6;nigliche Reichshaupt- und Residenzstadt Wien</subfield>
      <subfield code="9">(DE-588)4066009-6</subfield>
    </datafield>
    <datafield ind1=" " ind2=" " tag="SWD">
      <subfield code="g">K.K. Reichshaupt- und Residenzstadt Wien</subfield>
      <subfield code="9">(DE-588)4066009-6</subfield>
    </datafield>
    <datafield ind1=" " ind2=" " tag="SWD">
      <subfield code="g">Reichshaupt- und Residenzstadt Wien</subfield>
      <subfield code="9">(DE-588)4066009-6</subfield>
    </datafield>
    <datafield ind1=" " ind2=" " tag="SWD">
      <subfield code="g">Reichsgau Wien</subfield>
      <subfield code="9">(DE-588)4066009-6</subfield>
    </datafield>
    <datafield ind1=" " ind2=" " tag="SWD">
      <subfield code="g">Wienn</subfield>
      <subfield code="9">(DE-588)4066009-6</subfield>
    </datafield>
    <datafield ind1=" " ind2=" " tag="SWD">
      <subfield code="g">Vienne</subfield>
      <subfield code="h">&#xD6;sterreich</subfield>
      <subfield code="9">(DE-588)4066009-6</subfield>
    </datafield>
    <datafield ind1=" " ind2=" " tag="SWD">
      <subfield code="g">Be&#x10D;</subfield>
      <subfield code="9">(DE-588)4066009-6</subfield>
    </datafield>
    <datafield ind1=" " ind2=" " tag="SWD">
      <subfield code="g">Viena</subfield>
      <subfield code="9">(DE-588)4066009-6</subfield>
    </datafield>
    <datafield ind1=" " ind2=" " tag="SWD">
      <subfield code="g">B&#xE9;cs</subfield>
      <subfield code="9">(DE-588)4066009-6</subfield>
    </datafield>
    <datafield ind1=" " ind2=" " tag="SWD">
      <subfield code="g">Viede&#x148;</subfield>
      <subfield code="9">(DE-588)4066009-6</subfield>
    </datafield>
    <datafield ind1=" " ind2=" " tag="SWD">
      <subfield code="g">Vinna</subfield>
      <subfield code="9">(DE-588)4066009-6</subfield>
    </datafield>
    <datafield ind1=" " ind2=" " tag="SWD">
      <subfield code="g">Wiede&#x144;</subfield>
      <subfield code="h">Wien</subfield>
      <subfield code="9">(DE-588)4066009-6</subfield>
    </datafield>
    <datafield ind1=" " ind2=" " tag="SWD">
      <subfield code="g">Vena</subfield>
      <subfield code="9">(DE-588)4066009-6</subfield>
    </datafield>
    <datafield ind1=" " ind2=" " tag="SWD">
      <subfield code="g">Wienna</subfield>
      <subfield code="9">(DE-588)4066009-6</subfield>
    </datafield>
    <datafield ind1=" " ind2=" " tag="SWD">
      <subfield code="g">Vin</subfield>
      <subfield code="9">(DE-588)4066009-6</subfield>
    </datafield>
    <datafield ind1=" " ind2=" " tag="SWD">
      <subfield code="g">Bienn&#x113;</subfield>
      <subfield code="9">(DE-588)4066009-6</subfield>
    </datafield>
    <datafield ind1=" " ind2=" " tag="SWD">
      <subfield code="g">Vienn&#x113;</subfield>
      <subfield code="9">(DE-588)4066009-6</subfield>
    </datafield>
    <datafield ind1=" " ind2=" " tag="SWD">
      <subfield code="g">W&#x12B;n</subfield>
      <subfield code="9">(DE-588)4066009-6</subfield>
    </datafield>
    <datafield ind1=" " ind2=" " tag="SWD">
      <subfield code="g">Vjen&#xEB;</subfield>
      <subfield code="9">(DE-588)4066009-6</subfield>
    </datafield>
    <datafield ind1=" " ind2=" " tag="SWD">
      <subfield code="g">Vindobona</subfield>
      <subfield code="h">Wien</subfield>
      <subfield code="9">(DE-588)4066009-6</subfield>
    </datafield>
    <datafield ind1=" " ind2=" " tag="SWD">
      <subfield code="g">Vienna Pannoniae</subfield>
      <subfield code="9">(DE-588)4066009-6</subfield>
    </datafield>
    <datafield ind1=" " ind2=" " tag="SWD">
      <subfield code="g">Vindobona</subfield>
      <subfield code="9">(DE-588)4066009-6</subfield>
    </datafield>
    <datafield ind1=" " ind2=" " tag="SWD">
      <subfield code="g">Vienna</subfield>
      <subfield code="h">Austriae</subfield>
      <subfield code="9">(DE-588)4066009-6</subfield>
    </datafield>
    <datafield ind1=" " ind2=" " tag="SWD">
      <subfield code="g">Vienne</subfield>
      <subfield code="9">(DE-588)4066009-6</subfield>
    </datafield>
    <datafield ind1=" " ind2=" " tag="SWD">
      <subfield code="g">Gemeinde Wien</subfield>
      <subfield code="9">(DE-588)4066009-6</subfield>
    </datafield>
    <datafield ind1=" " ind2=" " tag="SWD">
      <subfield code="g">Vienna Fluviorum</subfield>
      <subfield code="9">(DE-588)4066009-6</subfield>
    </datafield>
    <datafield ind1=" " ind2=" " tag="SWD">
      <subfield code="9">(DE-588)1012345-3</subfield>
    </datafield>
    <datafield ind1=" " ind2=" " tag="SWD">
      <subfield code="g">Vienna</subfield>
      <subfield code="9">(DE-588)4066009-6</subfield>
    </datafield>
    <datafield ind1=" " ind2=" " tag="SWD">
      <subfield code="g">Land Wien</subfield>
      <subfield code="9">(DE-588)4066009-6</subfield>
    </datafield>
    <datafield ind1=" " ind2=" " tag="SWD">
      <subfield code="g">Wenia</subfield>
      <subfield code="9">(DE-588)4066009-6</subfield>
    </datafield>
    <datafield ind1=" " ind2=" " tag="SWD">
      <subfield code="g">Bundesland Wien</subfield>
      <subfield code="9">(DE-588)4066009-6</subfield>
    </datafield>
    <datafield ind1=" " ind2=" " tag="SWD">
      <subfield code="g">Stadt Wien</subfield>
      <subfield code="9">(DE-588)4066009-6</subfield>
    </datafield>
    <datafield ind1=" " ind2=" " tag="SWD">
      <subfield code="g">Bundeshauptstadt Wien</subfield>
      <subfield code="9">(DE-588)4066009-6</subfield>
    </datafield>
    <datafield ind1=" " ind2=" " tag="SWD">
      <subfield code="g">Bundesunmittelbare Stadt Wien</subfield>
      <subfield code="9">(DE-588)4066009-6</subfield>
    </datafield>
    <datafield ind1=" " ind2=" " tag="SWD">
      <subfield code="g">Kaiserlich-K&#xF6;nigliche Reichshaupt- und Residenzstadt Wien</subfield>
      <subfield code="9">(DE-588)4066009-6</subfield>
    </datafield>
    <datafield ind1=" " ind2=" " tag="SWD">
      <subfield code="g">K.K. Reichshaupt- und Residenzstadt Wien</subfield>
      <subfield code="9">(DE-588)4066009-6</subfield>
    </datafield>
    <datafield ind1=" " ind2=" " tag="SWD">
      <subfield code="g">Reichshaupt- und Residenzstadt Wien</subfield>
      <subfield code="9">(DE-588)4066009-6</subfield>
    </datafield>
    <datafield ind1=" " ind2=" " tag="SWD">
      <subfield code="g">Reichsgau Wien</subfield>
      <subfield code="9">(DE-588)4066009-6</subfield>
    </datafield>
    <datafield ind1=" " ind2=" " tag="SWD">
      <subfield code="g">Wienn</subfield>
      <subfield code="9">(DE-588)4066009-6</subfield>
    </datafield>
    <datafield ind1=" " ind2=" " tag="SWD">
      <subfield code="g">Vienne</subfield>
      <subfield code="h">&#xD6;sterreich</subfield>
      <subfield code="9">(DE-588)4066009-6</subfield>
    </datafield>
    <datafield ind1=" " ind2=" " tag="SWD">
      <subfield code="g">Be&#x10D;</subfield>
      <subfield code="9">(DE-588)4066009-6</subfield>
    </datafield>
    <datafield ind1=" " ind2=" " tag="SWD">
      <subfield code="g">Viena</subfield>
      <subfield code="9">(DE-588)4066009-6</subfield>
    </datafield>
    <datafield ind1=" " ind2=" " tag="SWD">
      <subfield code="g">B&#xE9;cs</subfield>
      <subfield code="9">(DE-588)4066009-6</subfield>
    </datafield>
    <datafield ind1=" " ind2=" " tag="SWD">
      <subfield code="g">Viede&#x148;</subfield>
      <subfield code="9">(DE-588)4066009-6</subfield>
    </datafield>
    <datafield ind1=" " ind2=" " tag="SWD">
      <subfield code="g">Vinna</subfield>
      <subfield code="9">(DE-588)4066009-6</subfield>
    </datafield>
    <datafield ind1=" " ind2=" " tag="SWD">
      <subfield code="g">Wiede&#x144;</subfield>
      <subfield code="h">Wien</subfield>
      <subfield code="9">(DE-588)4066009-6</subfield>
    </datafield>
    <datafield ind1=" " ind2=" " tag="SWD">
      <subfield code="g">Vena</subfield>
      <subfield code="9">(DE-588)4066009-6</subfield>
    </datafield>
    <datafield ind1=" " ind2=" " tag="SWD">
      <subfield code="g">Wienna</subfield>
      <subfield code="9">(DE-588)4066009-6</subfield>
    </datafield>
    <datafield ind1=" " ind2=" " tag="SWD">
      <subfield code="g">Vin</subfield>
      <subfield code="9">(DE-588)4066009-6</subfield>
    </datafield>
    <datafield ind1=" " ind2=" " tag="SWD">
      <subfield code="g">Bienn&#x113;</subfield>
      <subfield code="9">(DE-588)4066009-6</subfield>
    </datafield>
    <datafield ind1=" " ind2=" " tag="SWD">
      <subfield code="g">Vienn&#x113;</subfield>
      <subfield code="9">(DE-588)4066009-6</subfield>
    </datafield>
    <datafield ind1=" " ind2=" " tag="SWD">
      <subfield code="g">W&#x12B;n</subfield>
      <subfield code="9">(DE-588)4066009-6</subfield>
    </datafield>
    <datafield ind1=" " ind2=" " tag="SWD">
      <subfield code="g">Vjen&#xEB;</subfield>
      <subfield code="9">(DE-588)4066009-6</subfield>
    </datafield>
    <datafield ind1=" " ind2=" " tag="SWD">
      <subfield code="g">Vindobona</subfield>
      <subfield code="h">Wien</subfield>
      <subfield code="9">(DE-588)4066009-6</subfield>
    </datafield>
    <datafield ind1=" " ind2=" " tag="SWD">
      <subfield code="g">Vienna Pannoniae</subfield>
      <subfield code="9">(DE-588)4066009-6</subfield>
    </datafield>
    <datafield ind1=" " ind2=" " tag="SWD">
      <subfield code="g">Vindobona</subfield>
      <subfield code="9">(DE-588)4066009-6</subfield>
    </datafield>
    <datafield ind1=" " ind2=" " tag="SWD">
      <subfield code="g">Vienna</subfield>
      <subfield code="h">Austriae</subfield>
      <subfield code="9">(DE-588)4066009-6</subfield>
    </datafield>
    <datafield ind1=" " ind2=" " tag="SWD">
      <subfield code="g">Vienne</subfield>
      <subfield code="9">(DE-588)4066009-6</subfield>
    </datafield>
    <datafield ind1=" " ind2=" " tag="SWD">
      <subfield code="g">Gemeinde Wien</subfield>
      <subfield code="9">(DE-588)4066009-6</subfield>
    </datafield>
    <datafield ind1=" " ind2=" " tag="SWD">
      <subfield code="g">Vienna Fluviorum</subfield>
      <subfield code="9">(DE-588)4066009-6</subfield>
    </datafield>
    <datafield ind1=" " ind2=" " tag="AVA">
      <subfield code="a">AKW50</subfield>
      <subfield code="b">XAW1</subfield>
      <subfield code="c">Fortsetzungsmagazin</subfield>
      <subfield code="d">D7130/2016,6</subfield>
      <subfield code="e">check_holdings</subfield>
      <subfield code="t">Bestand pr&#xFC;fen</subfield>
      <subfield code="h">Y</subfield>
      <subfield code="j">MAG3</subfield>
    </datafield>
    <datafield ind1="-" ind2="2" tag="Z30">
      <subfield code="1">XAW1</subfield>
      <subfield code="2">MAG3</subfield>
      <subfield code="3">D7130/1988,10</subfield>
      <subfield code="b">1988</subfield>
      <subfield code="c">10</subfield>
      <subfield code="h">1988, Okt.</subfield>
    </datafield>
    <datafield ind1="-" ind2="2" tag="Z30">
      <subfield code="1">XAW1</subfield>
      <subfield code="2">MAG3</subfield>
      <subfield code="3">D7130/1988,11</subfield>
      <subfield code="b">1988</subfield>
      <subfield code="c">11</subfield>
      <subfield code="h">1988, Nov.</subfield>
    </datafield>
    <datafield ind1="-" ind2="2" tag="Z30">
      <subfield code="1">XAW1</subfield>
      <subfield code="2">MAG3</subfield>
      <subfield code="3">D7130/1988,12</subfield>
      <subfield code="b">1988</subfield>
      <subfield code="c">12</subfield>
      <subfield code="h">1988, Dez.</subfield>
    </datafield>
    <datafield ind1="-" ind2="2" tag="Z30">
      <subfield code="1">XAW1</subfield>
      <subfield code="2">MAG3</subfield>
      <subfield code="3">D7130/1988,9,10</subfield>
      <subfield code="b">1988</subfield>
      <subfield code="c">9-10</subfield>
      <subfield code="h">1988, Sep.-Okt.</subfield>
    </datafield>
    <datafield ind1="-" ind2="2" tag="Z30">
      <subfield code="1">XAW1</subfield>
      <subfield code="2">MAG3</subfield>
      <subfield code="3">D7130/1989,1</subfield>
      <subfield code="b">1989</subfield>
      <subfield code="h">1989, J&#xE4;n.</subfield>
    </datafield>
    <datafield ind1="-" ind2="2" tag="Z30">
      <subfield code="1">XAW1</subfield>
      <subfield code="2">MAG3</subfield>
      <subfield code="3">D7130/1989,10</subfield>
      <subfield code="b">1989</subfield>
      <subfield code="c">10</subfield>
      <subfield code="h">1989, Okt.</subfield>
    </datafield>
    <datafield ind1="-" ind2="2" tag="Z30">
      <subfield code="1">XAW1</subfield>
      <subfield code="2">MAG3</subfield>
      <subfield code="3">D7130/1989,11</subfield>
      <subfield code="b">1989</subfield>
      <subfield code="c">11</subfield>
      <subfield code="h">1989, Nov.</subfield>
    </datafield>
    <datafield ind1="-" ind2="2" tag="Z30">
      <subfield code="1">XAW1</subfield>
      <subfield code="2">MAG3</subfield>
      <subfield code="3">D7130/1989,12</subfield>
      <subfield code="b">1989</subfield>
      <subfield code="c">12</subfield>
      <subfield code="h">1989, Dez.</subfield>
    </datafield>
    <datafield ind1="-" ind2="2" tag="Z30">
      <subfield code="1">XAW1</subfield>
      <subfield code="2">MAG3</subfield>
      <subfield code="3">D7130/1989,2</subfield>
      <subfield code="b">1989</subfield>
      <subfield code="c">2</subfield>
      <subfield code="h">1989, Feb.</subfield>
    </datafield>
    <datafield ind1="-" ind2="2" tag="Z30">
      <subfield code="1">XAW1</subfield>
      <subfield code="2">MAG3</subfield>
      <subfield code="3">D7130/1989,3</subfield>
      <subfield code="b">1989</subfield>
      <subfield code="c">3</subfield>
      <subfield code="h">1989, M&#xE4;rz</subfield>
    </datafield>
    <datafield ind1="-" ind2="2" tag="Z30">
      <subfield code="1">XAW1</subfield>
      <subfield code="2">MAG3</subfield>
      <subfield code="3">D7130/1989,4</subfield>
      <subfield code="b">1989</subfield>
      <subfield code="c">4</subfield>
      <subfield code="h">1989, Apr.</subfield>
    </datafield>
    <datafield ind1="-" ind2="2" tag="Z30">
      <subfield code="1">XAW1</subfield>
      <subfield code="2">MAG3</subfield>
      <subfield code="3">D7130/1989,5</subfield>
      <subfield code="b">1989</subfield>
      <subfield code="c">5</subfield>
      <subfield code="h">1989, Mai</subfield>
    </datafield>
    <datafield ind1="-" ind2="2" tag="Z30">
      <subfield code="1">XAW1</subfield>
      <subfield code="2">MAG3</subfield>
      <subfield code="3">D7130/1989,6</subfield>
      <subfield code="b">1989</subfield>
      <subfield code="c">6</subfield>
      <subfield code="h">1989, Juni</subfield>
    </datafield>
    <datafield ind1="-" ind2="2" tag="Z30">
      <subfield code="1">XAW1</subfield>
      <subfield code="2">MAG3</subfield>
      <subfield code="3">D7130/1989,7</subfield>
      <subfield code="b">1989</subfield>
      <subfield code="c">7</subfield>
      <subfield code="h">1989, Juli</subfield>
    </datafield>
    <datafield ind1="-" ind2="2" tag="Z30">
      <subfield code="1">XAW1</subfield>
      <subfield code="2">MAG3</subfield>
      <subfield code="3">D7130/1989,8</subfield>
      <subfield code="b">1989</subfield>
      <subfield code="c">8</subfield>
      <subfield code="h">1989, Aug.</subfield>
    </datafield>
    <datafield ind1="-" ind2="2" tag="Z30">
      <subfield code="1">XAW1</subfield>
      <subfield code="2">MAG3</subfield>
      <subfield code="3">D7130/1989,9</subfield>
      <subfield code="b">1989</subfield>
      <subfield code="c">9</subfield>
      <subfield code="h">1989, Sep.</subfield>
    </datafield>
    <datafield ind1="-" ind2="2" tag="Z30">
      <subfield code="1">XAW1</subfield>
      <subfield code="2">MAG3</subfield>
      <subfield code="3">D7130/1990,1</subfield>
      <subfield code="b">1990</subfield>
      <subfield code="c">1</subfield>
      <subfield code="h">1990, J&#xE4;n.</subfield>
    </datafield>
    <datafield ind1="-" ind2="2" tag="Z30">
      <subfield code="1">XAW1</subfield>
      <subfield code="2">MAG3</subfield>
      <subfield code="3">D7130/1990,10</subfield>
      <subfield code="b">1990</subfield>
      <subfield code="c">10</subfield>
      <subfield code="h">1990, Okt.</subfield>
    </datafield>
    <datafield ind1="-" ind2="2" tag="Z30">
      <subfield code="1">XAW1</subfield>
      <subfield code="2">MAG3</subfield>
      <subfield code="3">D7130/1990,11</subfield>
      <subfield code="b">1990</subfield>
      <subfield code="c">11</subfield>
      <subfield code="h">1990, Nov.</subfield>
    </datafield>
    <datafield ind1="-" ind2="2" tag="Z30">
      <subfield code="1">XAW1</subfield>
      <subfield code="2">MAG3</subfield>
      <subfield code="3">D7130/1990,12</subfield>
      <subfield code="b">1990</subfield>
      <subfield code="c">12</subfield>
      <subfield code="h">1990, Dez.</subfield>
    </datafield>
    <datafield ind1="-" ind2="2" tag="Z30">
      <subfield code="1">XAW1</subfield>
      <subfield code="2">MAG3</subfield>
      <subfield code="3">D7130/1990,2</subfield>
      <subfield code="b">1990</subfield>
      <subfield code="c">2</subfield>
      <subfield code="h">1990, Feb.</subfield>
    </datafield>
    <datafield ind1="-" ind2="2" tag="Z30">
      <subfield code="1">XAW1</subfield>
      <subfield code="2">MAG3</subfield>
      <subfield code="3">D7130/1990,3</subfield>
      <subfield code="b">1990</subfield>
      <subfield code="c">3</subfield>
      <subfield code="h">1990, M&#xE4;rz</subfield>
    </datafield>
    <datafield ind1="-" ind2="2" tag="Z30">
      <subfield code="1">XAW1</subfield>
      <subfield code="2">MAG3</subfield>
      <subfield code="3">D7130/1990,4</subfield>
      <subfield code="b">1990</subfield>
      <subfield code="c">4</subfield>
      <subfield code="h">1990, Apr.</subfield>
    </datafield>
    <datafield ind1="-" ind2="2" tag="Z30">
      <subfield code="1">XAW1</subfield>
      <subfield code="2">MAG3</subfield>
      <subfield code="3">D7130/1990,5</subfield>
      <subfield code="b">1990</subfield>
      <subfield code="c">5</subfield>
      <subfield code="h">1990, Mai</subfield>
    </datafield>
    <datafield ind1="-" ind2="2" tag="Z30">
      <subfield code="1">XAW1</subfield>
      <subfield code="2">MAG3</subfield>
      <subfield code="3">D7130/1990,6</subfield>
      <subfield code="b">1990</subfield>
      <subfield code="c">6</subfield>
      <subfield code="h">1990, Juni</subfield>
    </datafield>
    <datafield ind1="-" ind2="2" tag="Z30">
      <subfield code="1">XAW1</subfield>
      <subfield code="2">MAG3</subfield>
      <subfield code="3">D7130/1990,7</subfield>
      <subfield code="b">1990</subfield>
      <subfield code="c">7</subfield>
      <subfield code="h">1990, Juli</subfield>
    </datafield>
    <datafield ind1="-" ind2="2" tag="Z30">
      <subfield code="1">XAW1</subfield>
      <subfield code="2">MAG3</subfield>
      <subfield code="3">D7130/1990,8</subfield>
      <subfield code="b">1990</subfield>
      <subfield code="c">8</subfield>
      <subfield code="h">1990, Aug.</subfield>
    </datafield>
    <datafield ind1="-" ind2="2" tag="Z30">
      <subfield code="1">XAW1</subfield>
      <subfield code="2">MAG3</subfield>
      <subfield code="3">D7130/1990,9</subfield>
      <subfield code="b">1990</subfield>
      <subfield code="c">9</subfield>
      <subfield code="h">1990, Sept.</subfield>
    </datafield>
    <datafield ind1="-" ind2="2" tag="Z30">
      <subfield code="1">XAW1</subfield>
      <subfield code="2">MAG3</subfield>
      <subfield code="3">D7130/1991,1</subfield>
      <subfield code="b">1991</subfield>
      <subfield code="c">1</subfield>
      <subfield code="h">1991, J&#xE4;n.</subfield>
    </datafield>
    <datafield ind1="-" ind2="2" tag="Z30">
      <subfield code="1">XAW1</subfield>
      <subfield code="2">MAG3</subfield>
      <subfield code="3">D7130/1991,10</subfield>
      <subfield code="b">1991</subfield>
      <subfield code="c">10</subfield>
      <subfield code="h">1991, Okt.</subfield>
    </datafield>
    <datafield ind1="-" ind2="2" tag="Z30">
      <subfield code="1">XAW1</subfield>
      <subfield code="2">MAG3</subfield>
      <subfield code="3">D7130/1991,11</subfield>
      <subfield code="b">1991</subfield>
      <subfield code="c">11</subfield>
      <subfield code="h">1991, Nov.</subfield>
    </datafield>
    <datafield ind1="-" ind2="2" tag="Z30">
      <subfield code="1">XAW1</subfield>
      <subfield code="2">MAG3</subfield>
      <subfield code="3">D7130/1991,12</subfield>
      <subfield code="b">1991</subfield>
      <subfield code="c">12</subfield>
      <subfield code="h">1991, Dez.</subfield>
    </datafield>
    <datafield ind1="-" ind2="2" tag="Z30">
      <subfield code="1">XAW1</subfield>
      <subfield code="2">MAG3</subfield>
      <subfield code="3">D7130/1991,2</subfield>
      <subfield code="b">1991</subfield>
      <subfield code="c">2</subfield>
      <subfield code="h">1991, Feb.</subfield>
    </datafield>
    <datafield ind1="-" ind2="2" tag="Z30">
      <subfield code="1">XAW1</subfield>
      <subfield code="2">MAG3</subfield>
      <subfield code="3">D7130/1991,3</subfield>
      <subfield code="b">1991</subfield>
      <subfield code="c">3</subfield>
      <subfield code="h">1991, M&#xE4;rz</subfield>
    </datafield>
    <datafield ind1="-" ind2="2" tag="Z30">
      <subfield code="1">XAW1</subfield>
      <subfield code="2">MAG3</subfield>
      <subfield code="3">D7130/1991,4</subfield>
      <subfield code="b">1991</subfield>
      <subfield code="c">4</subfield>
      <subfield code="h">1991, Apr.</subfield>
    </datafield>
    <datafield ind1="-" ind2="2" tag="Z30">
      <subfield code="1">XAW1</subfield>
      <subfield code="2">MAG3</subfield>
      <subfield code="3">D7130/1991,5</subfield>
      <subfield code="b">1991</subfield>
      <subfield code="c">5</subfield>
      <subfield code="h">1991, Mai</subfield>
    </datafield>
    <datafield ind1="-" ind2="2" tag="Z30">
      <subfield code="1">XAW1</subfield>
      <subfield code="2">MAG3</subfield>
      <subfield code="3">D7130/1991,6</subfield>
      <subfield code="b">1991</subfield>
      <subfield code="c">6</subfield>
      <subfield code="h">1991, Juni</subfield>
    </datafield>
    <datafield ind1="-" ind2="2" tag="Z30">
      <subfield code="1">XAW1</subfield>
      <subfield code="2">MAG3</subfield>
      <subfield code="3">D7130/1991,7</subfield>
      <subfield code="b">1991</subfield>
      <subfield code="c">7</subfield>
      <subfield code="h">1991, Juli</subfield>
    </datafield>
    <datafield ind1="-" ind2="2" tag="Z30">
      <subfield code="1">XAW1</subfield>
      <subfield code="2">MAG3</subfield>
      <subfield code="3">D7130/1991,8</subfield>
      <subfield code="b">1991</subfield>
      <subfield code="c">8</subfield>
      <subfield code="h">1991, Aug.</subfield>
    </datafield>
    <datafield ind1="-" ind2="2" tag="Z30">
      <subfield code="1">XAW1</subfield>
      <subfield code="2">MAG3</subfield>
      <subfield code="3">D7130/1991,9</subfield>
      <subfield code="b">1991</subfield>
      <subfield code="c">9</subfield>
      <subfield code="h">1991, Sept.</subfield>
    </datafield>
    <datafield ind1="-" ind2="2" tag="Z30">
      <subfield code="1">XAW1</subfield>
      <subfield code="2">MAG3</subfield>
      <subfield code="3">D7130/1992,1</subfield>
      <subfield code="b">1992</subfield>
      <subfield code="c">1</subfield>
      <subfield code="h">1992, J&#xE4;n.</subfield>
    </datafield>
    <datafield ind1="-" ind2="2" tag="Z30">
      <subfield code="1">XAW1</subfield>
      <subfield code="2">MAG3</subfield>
      <subfield code="3">D7130/1992,10</subfield>
      <subfield code="b">1992</subfield>
      <subfield code="c">10</subfield>
      <subfield code="h">1992, Okt.</subfield>
    </datafield>
    <datafield ind1="-" ind2="2" tag="Z30">
      <subfield code="1">XAW1</subfield>
      <subfield code="2">MAG3</subfield>
      <subfield code="3">D7130/1992,11</subfield>
      <subfield code="b">1992</subfield>
      <subfield code="c">11</subfield>
      <subfield code="h">1992, Nov.</subfield>
    </datafield>
    <datafield ind1="-" ind2="2" tag="Z30">
      <subfield code="1">XAW1</subfield>
      <subfield code="2">MAG3</subfield>
      <subfield code="3">D7130/1992,12</subfield>
      <subfield code="b">1992</subfield>
      <subfield code="c">12</subfield>
      <subfield code="h">1992, Dez.</subfield>
    </datafield>
    <datafield ind1="-" ind2="2" tag="Z30">
      <subfield code="1">XAW1</subfield>
      <subfield code="2">MAG3</subfield>
      <subfield code="3">D7130/1992,2</subfield>
      <subfield code="b">1992</subfield>
      <subfield code="c">2</subfield>
      <subfield code="h">1992, Feb.</subfield>
    </datafield>
    <datafield ind1="-" ind2="2" tag="Z30">
      <subfield code="1">XAW1</subfield>
      <subfield code="2">MAG3</subfield>
      <subfield code="3">D7130/1992,3</subfield>
      <subfield code="b">1992</subfield>
      <subfield code="c">3</subfield>
      <subfield code="h">1992, M&#xE4;rz</subfield>
    </datafield>
    <datafield ind1="-" ind2="2" tag="Z30">
      <subfield code="1">XAW1</subfield>
      <subfield code="2">MAG3</subfield>
      <subfield code="3">D7130/1992,4</subfield>
      <subfield code="b">1992</subfield>
      <subfield code="c">4</subfield>
      <subfield code="h">1992, Apr.</subfield>
    </datafield>
    <datafield ind1="-" ind2="2" tag="Z30">
      <subfield code="1">XAW1</subfield>
      <subfield code="2">MAG3</subfield>
      <subfield code="3">D7130/1992,5</subfield>
      <subfield code="b">1992</subfield>
      <subfield code="c">5</subfield>
      <subfield code="h">1992, Mai</subfield>
    </datafield>
    <datafield ind1="-" ind2="2" tag="Z30">
      <subfield code="1">XAW1</subfield>
      <subfield code="2">MAG3</subfield>
      <subfield code="3">D7130/1992,6</subfield>
      <subfield code="b">1992</subfield>
      <subfield code="c">6</subfield>
      <subfield code="h">1992, Juni</subfield>
    </datafield>
    <datafield ind1="-" ind2="2" tag="Z30">
      <subfield code="1">XAW1</subfield>
      <subfield code="2">MAG3</subfield>
      <subfield code="3">D7130/1992,7</subfield>
      <subfield code="b">1992</subfield>
      <subfield code="c">7</subfield>
      <subfield code="h">1992, Juli</subfield>
    </datafield>
    <datafield ind1="-" ind2="2" tag="Z30">
      <subfield code="1">XAW1</subfield>
      <subfield code="2">MAG3</subfield>
      <subfield code="3">D7130/1992,8</subfield>
      <subfield code="b">1992</subfield>
      <subfield code="c">8</subfield>
      <subfield code="h">1992, Aug.</subfield>
    </datafield>
    <datafield ind1="-" ind2="2" tag="Z30">
      <subfield code="1">XAW1</subfield>
      <subfield code="2">MAG3</subfield>
      <subfield code="3">D7130/1992,9</subfield>
      <subfield code="b">1992</subfield>
      <subfield code="c">9</subfield>
      <subfield code="h">1992, Sept.</subfield>
    </datafield>
    <datafield ind1="-" ind2="2" tag="Z30">
      <subfield code="1">XAW1</subfield>
      <subfield code="2">MAG3</subfield>
      <subfield code="3">D7130/1993,1</subfield>
      <subfield code="b">1993</subfield>
      <subfield code="c">1</subfield>
      <subfield code="h">1993, J&#xE4;n.</subfield>
    </datafield>
    <datafield ind1="-" ind2="2" tag="Z30">
      <subfield code="1">XAW1</subfield>
      <subfield code="2">MAG3</subfield>
      <subfield code="3">D7130/1993,10</subfield>
      <subfield code="b">1993</subfield>
      <subfield code="c">10</subfield>
      <subfield code="h">1993, Okt.</subfield>
    </datafield>
    <datafield ind1="-" ind2="2" tag="Z30">
      <subfield code="1">XAW1</subfield>
      <subfield code="2">MAG3</subfield>
      <subfield code="3">D7130/1993,11</subfield>
      <subfield code="b">1993</subfield>
      <subfield code="c">11</subfield>
      <subfield code="h">1993, Nov.</subfield>
    </datafield>
    <datafield ind1="-" ind2="2" tag="Z30">
      <subfield code="1">XAW1</subfield>
      <subfield code="2">MAG3</subfield>
      <subfield code="3">D7130/1993,12</subfield>
      <subfield code="b">1993</subfield>
      <subfield code="c">12</subfield>
      <subfield code="h">1993, Dez.</subfield>
    </datafield>
    <datafield ind1="-" ind2="2" tag="Z30">
      <subfield code="1">XAW1</subfield>
      <subfield code="2">MAG3</subfield>
      <subfield code="3">D7130/1993,2</subfield>
      <subfield code="b">1993</subfield>
      <subfield code="c">2</subfield>
      <subfield code="h">1993, Feb.</subfield>
    </datafield>
    <datafield ind1="-" ind2="2" tag="Z30">
      <subfield code="1">XAW1</subfield>
      <subfield code="2">MAG3</subfield>
      <subfield code="3">D7130/1993,3</subfield>
      <subfield code="b">1993</subfield>
      <subfield code="c">3</subfield>
      <subfield code="h">1993, M&#xE4;rz</subfield>
    </datafield>
    <datafield ind1="-" ind2="2" tag="Z30">
      <subfield code="1">XAW1</subfield>
      <subfield code="2">MAG3</subfield>
      <subfield code="3">D7130/1993,4</subfield>
      <subfield code="b">1993</subfield>
      <subfield code="c">4</subfield>
      <subfield code="h">1993, Apr.</subfield>
    </datafield>
    <datafield ind1="-" ind2="2" tag="Z30">
      <subfield code="1">XAW1</subfield>
      <subfield code="2">MAG3</subfield>
      <subfield code="3">D7130/1993,5</subfield>
      <subfield code="b">1993</subfield>
      <subfield code="c">5</subfield>
      <subfield code="h">1993, Mai</subfield>
    </datafield>
    <datafield ind1="-" ind2="2" tag="Z30">
      <subfield code="1">XAW1</subfield>
      <subfield code="2">MAG3</subfield>
      <subfield code="3">D7130/1993,6</subfield>
      <subfield code="b">1993</subfield>
      <subfield code="c">6</subfield>
      <subfield code="h">1993, Juni</subfield>
    </datafield>
    <datafield ind1="-" ind2="2" tag="Z30">
      <subfield code="1">XAW1</subfield>
      <subfield code="2">MAG3</subfield>
      <subfield code="3">D7130/1993,7</subfield>
      <subfield code="b">1993</subfield>
      <subfield code="c">7</subfield>
      <subfield code="h">1993, Juli</subfield>
    </datafield>
    <datafield ind1="-" ind2="2" tag="Z30">
      <subfield code="1">XAW1</subfield>
      <subfield code="2">MAG3</subfield>
      <subfield code="3">D7130/1993,8</subfield>
      <subfield code="b">1993</subfield>
      <subfield code="c">8</subfield>
      <subfield code="h">1993, Aug.</subfield>
    </datafield>
    <datafield ind1="-" ind2="2" tag="Z30">
      <subfield code="1">XAW1</subfield>
      <subfield code="2">MAG3</subfield>
      <subfield code="3">D7130/1993,9</subfield>
      <subfield code="b">1993</subfield>
      <subfield code="c">9</subfield>
      <subfield code="h">1993, Sept.</subfield>
    </datafield>
    <datafield ind1="-" ind2="2" tag="Z30">
      <subfield code="1">XAW1</subfield>
      <subfield code="2">MAG3</subfield>
      <subfield code="3">D7130/1994,1</subfield>
      <subfield code="b">1994</subfield>
      <subfield code="c">1</subfield>
      <subfield code="h">1994, Jan.</subfield>
    </datafield>
    <datafield ind1="-" ind2="2" tag="Z30">
      <subfield code="1">XAW1</subfield>
      <subfield code="2">MAG3</subfield>
      <subfield code="3">D7130/1994,10</subfield>
      <subfield code="b">1994</subfield>
      <subfield code="c">10</subfield>
      <subfield code="h">1994, Okt.</subfield>
    </datafield>
    <datafield ind1="-" ind2="2" tag="Z30">
      <subfield code="1">XAW1</subfield>
      <subfield code="2">MAG3</subfield>
      <subfield code="3">D7130/1994,11</subfield>
      <subfield code="b">1994</subfield>
      <subfield code="c">11</subfield>
      <subfield code="h">1994, Nov.</subfield>
    </datafield>
    <datafield ind1="-" ind2="2" tag="Z30">
      <subfield code="1">XAW1</subfield>
      <subfield code="2">MAG3</subfield>
      <subfield code="3">D7130/1994,12</subfield>
      <subfield code="b">1994</subfield>
      <subfield code="c">12</subfield>
      <subfield code="h">1994, Dez.</subfield>
    </datafield>
    <datafield ind1="-" ind2="2" tag="Z30">
      <subfield code="1">XAW1</subfield>
      <subfield code="2">MAG3</subfield>
      <subfield code="3">D7130/1994,2</subfield>
      <subfield code="b">1994</subfield>
      <subfield code="c">2</subfield>
      <subfield code="h">1994, Feb.</subfield>
    </datafield>
    <datafield ind1="-" ind2="2" tag="Z30">
      <subfield code="1">XAW1</subfield>
      <subfield code="2">MAG3</subfield>
      <subfield code="3">D7130/1994,3</subfield>
      <subfield code="b">1994</subfield>
      <subfield code="c">3</subfield>
      <subfield code="h">1994, M&#xE4;rz</subfield>
    </datafield>
    <datafield ind1="-" ind2="2" tag="Z30">
      <subfield code="1">XAW1</subfield>
      <subfield code="2">MAG3</subfield>
      <subfield code="3">D7130/1994,4</subfield>
      <subfield code="b">1994</subfield>
      <subfield code="c">4</subfield>
      <subfield code="h">1994, Apr.</subfield>
    </datafield>
    <datafield ind1="-" ind2="2" tag="Z30">
      <subfield code="1">XAW1</subfield>
      <subfield code="2">MAG3</subfield>
      <subfield code="3">D7130/1994,5</subfield>
      <subfield code="b">1994</subfield>
      <subfield code="c">5</subfield>
      <subfield code="h">1994, Mai</subfield>
    </datafield>
    <datafield ind1="-" ind2="2" tag="Z30">
      <subfield code="1">XAW1</subfield>
      <subfield code="2">MAG3</subfield>
      <subfield code="3">D7130/1994,6</subfield>
      <subfield code="b">1994</subfield>
      <subfield code="c">6</subfield>
      <subfield code="h">1994, Juni</subfield>
    </datafield>
    <datafield ind1="-" ind2="2" tag="Z30">
      <subfield code="1">XAW1</subfield>
      <subfield code="2">MAG3</subfield>
      <subfield code="3">D7130/1994,7</subfield>
      <subfield code="b">1994</subfield>
      <subfield code="c">7</subfield>
      <subfield code="h">1994, Juli</subfield>
    </datafield>
    <datafield ind1="-" ind2="2" tag="Z30">
      <subfield code="1">XAW1</subfield>
      <subfield code="2">MAG3</subfield>
      <subfield code="3">D7130/1994,8</subfield>
      <subfield code="b">1994</subfield>
      <subfield code="c">8</subfield>
      <subfield code="h">1994, Aug.</subfield>
    </datafield>
    <datafield ind1="-" ind2="2" tag="Z30">
      <subfield code="1">XAW1</subfield>
      <subfield code="2">MAG3</subfield>
      <subfield code="3">D7130/1994,9</subfield>
      <subfield code="b">1994</subfield>
      <subfield code="c">9</subfield>
      <subfield code="h">1994, Sept.</subfield>
    </datafield>
    <datafield ind1="-" ind2="2" tag="Z30">
      <subfield code="1">XAW1</subfield>
      <subfield code="2">MAG3</subfield>
      <subfield code="3">D7130/1995,1</subfield>
      <subfield code="b">1995</subfield>
      <subfield code="c">1</subfield>
      <subfield code="h">1995, Jan.</subfield>
    </datafield>
    <datafield ind1="-" ind2="2" tag="Z30">
      <subfield code="1">XAW1</subfield>
      <subfield code="2">MAG3</subfield>
      <subfield code="3">D7130/1995,10</subfield>
      <subfield code="b">1995</subfield>
      <subfield code="c">10</subfield>
      <subfield code="h">1995, Okt.</subfield>
    </datafield>
    <datafield ind1="-" ind2="2" tag="Z30">
      <subfield code="1">XAW1</subfield>
      <subfield code="2">MAG3</subfield>
      <subfield code="3">D7130/1995,11</subfield>
      <subfield code="b">1995</subfield>
      <subfield code="c">11</subfield>
      <subfield code="h">1995, Nov.</subfield>
    </datafield>
    <datafield ind1="-" ind2="2" tag="Z30">
      <subfield code="1">XAW1</subfield>
      <subfield code="2">MAG3</subfield>
      <subfield code="3">D7130/1995,12</subfield>
      <subfield code="b">1995</subfield>
      <subfield code="c">12</subfield>
      <subfield code="h">1995, Dez.</subfield>
    </datafield>
    <datafield ind1="-" ind2="2" tag="Z30">
      <subfield code="1">XAW1</subfield>
      <subfield code="2">MAG3</subfield>
      <subfield code="3">D7130/1995,2</subfield>
      <subfield code="b">1995</subfield>
      <subfield code="c">2</subfield>
      <subfield code="h">1995, Feb.</subfield>
    </datafield>
    <datafield ind1="-" ind2="2" tag="Z30">
      <subfield code="1">XAW1</subfield>
      <subfield code="2">MAG3</subfield>
      <subfield code="3">D7130/1995,3</subfield>
      <subfield code="b">1995</subfield>
      <subfield code="c">3</subfield>
      <subfield code="h">1995, M&#xE4;rz</subfield>
    </datafield>
    <datafield ind1="-" ind2="2" tag="Z30">
      <subfield code="1">XAW1</subfield>
      <subfield code="2">MAG3</subfield>
      <subfield code="3">D7130/1995,4</subfield>
      <subfield code="b">1995</subfield>
      <subfield code="c">4</subfield>
      <subfield code="h">1995, Apr.</subfield>
    </datafield>
    <datafield ind1="-" ind2="2" tag="Z30">
      <subfield code="1">XAW1</subfield>
      <subfield code="2">MAG3</subfield>
      <subfield code="3">D7130/1995,5</subfield>
      <subfield code="b">1995</subfield>
      <subfield code="c">5</subfield>
      <subfield code="h">1995, Mai</subfield>
    </datafield>
    <datafield ind1="-" ind2="2" tag="Z30">
      <subfield code="1">XAW1</subfield>
      <subfield code="2">MAG3</subfield>
      <subfield code="3">D7130/1995,6</subfield>
      <subfield code="b">1995</subfield>
      <subfield code="c">6</subfield>
      <subfield code="h">1995, Juni</subfield>
    </datafield>
    <datafield ind1="-" ind2="2" tag="Z30">
      <subfield code="1">XAW1</subfield>
      <subfield code="2">MAG3</subfield>
      <subfield code="3">D7130/1995,7</subfield>
      <subfield code="b">1995</subfield>
      <subfield code="c">7</subfield>
      <subfield code="h">1995, Juli</subfield>
    </datafield>
    <datafield ind1="-" ind2="2" tag="Z30">
      <subfield code="1">XAW1</subfield>
      <subfield code="2">MAG3</subfield>
      <subfield code="3">D7130/1995,8</subfield>
      <subfield code="b">1995</subfield>
      <subfield code="c">8</subfield>
      <subfield code="h">1995, Aug.</subfield>
    </datafield>
    <datafield ind1="-" ind2="2" tag="Z30">
      <subfield code="1">XAW1</subfield>
      <subfield code="2">MAG3</subfield>
      <subfield code="3">D7130/1995,9</subfield>
      <subfield code="b">1995</subfield>
      <subfield code="c">9</subfield>
      <subfield code="h">1995, Sept.</subfield>
    </datafield>
    <datafield ind1="-" ind2="2" tag="Z30">
      <subfield code="1">XAW1</subfield>
      <subfield code="2">MAG3</subfield>
      <subfield code="3">D7130/1996,1</subfield>
      <subfield code="b">1996</subfield>
      <subfield code="c">1</subfield>
      <subfield code="h">1996, Jan.</subfield>
    </datafield>
    <datafield ind1="-" ind2="2" tag="Z30">
      <subfield code="1">XAW1</subfield>
      <subfield code="2">MAG3</subfield>
      <subfield code="3">D7130/1996,10</subfield>
      <subfield code="b">1996</subfield>
      <subfield code="c">10</subfield>
      <subfield code="h">1996, Okt.</subfield>
    </datafield>
    <datafield ind1="-" ind2="2" tag="Z30">
      <subfield code="1">XAW1</subfield>
      <subfield code="2">MAG3</subfield>
      <subfield code="3">D7130/1996,11</subfield>
      <subfield code="b">1996</subfield>
      <subfield code="c">11</subfield>
      <subfield code="h">1996, Nov.</subfield>
    </datafield>
    <datafield ind1="-" ind2="2" tag="Z30">
      <subfield code="1">XAW1</subfield>
      <subfield code="2">MAG3</subfield>
      <subfield code="3">D7130/1996,12</subfield>
      <subfield code="b">1996</subfield>
      <subfield code="c">12</subfield>
      <subfield code="h">1996, Dez.</subfield>
    </datafield>
    <datafield ind1="-" ind2="2" tag="Z30">
      <subfield code="1">XAW1</subfield>
      <subfield code="2">MAG3</subfield>
      <subfield code="3">D7130/1996,2</subfield>
      <subfield code="b">1996</subfield>
      <subfield code="c">2</subfield>
      <subfield code="h">1996, Feb.</subfield>
    </datafield>
    <datafield ind1="-" ind2="2" tag="Z30">
      <subfield code="1">XAW1</subfield>
      <subfield code="2">MAG3</subfield>
      <subfield code="3">D7130/1996,3</subfield>
      <subfield code="b">1996</subfield>
      <subfield code="c">3</subfield>
      <subfield code="h">1996, M&#xE4;rz</subfield>
    </datafield>
    <datafield ind1="-" ind2="2" tag="Z30">
      <subfield code="1">XAW1</subfield>
      <subfield code="2">MAG3</subfield>
      <subfield code="3">D7130/1996,4</subfield>
      <subfield code="b">1996</subfield>
      <subfield code="c">4</subfield>
      <subfield code="h">1996, Apr.</subfield>
    </datafield>
    <datafield ind1="-" ind2="2" tag="Z30">
      <subfield code="1">XAW1</subfield>
      <subfield code="2">MAG3</subfield>
      <subfield code="3">D7130/1996,5</subfield>
      <subfield code="b">1996</subfield>
      <subfield code="c">5</subfield>
      <subfield code="h">1996, Mai</subfield>
    </datafield>
    <datafield ind1="-" ind2="2" tag="Z30">
      <subfield code="1">XAW1</subfield>
      <subfield code="2">MAG3</subfield>
      <subfield code="3">D7130/1996,6</subfield>
      <subfield code="b">1996</subfield>
      <subfield code="c">6</subfield>
      <subfield code="h">1996, Juni</subfield>
    </datafield>
    <datafield ind1="-" ind2="2" tag="Z30">
      <subfield code="1">XAW1</subfield>
      <subfield code="2">MAG3</subfield>
      <subfield code="3">D7130/1996,7</subfield>
      <subfield code="b">1996</subfield>
      <subfield code="c">7</subfield>
      <subfield code="h">1996, Juli</subfield>
    </datafield>
    <datafield ind1="-" ind2="2" tag="Z30">
      <subfield code="1">XAW1</subfield>
      <subfield code="2">MAG3</subfield>
      <subfield code="3">D7130/1996,8</subfield>
      <subfield code="b">1996</subfield>
      <subfield code="c">8</subfield>
      <subfield code="h">1996, Aug.</subfield>
    </datafield>
    <datafield ind1="-" ind2="2" tag="Z30">
      <subfield code="1">XAW1</subfield>
      <subfield code="2">MAG3</subfield>
      <subfield code="3">D7130/1996,9</subfield>
      <subfield code="b">1996</subfield>
      <subfield code="c">9</subfield>
      <subfield code="h">1996, Sept.</subfield>
    </datafield>
    <datafield ind1="-" ind2="2" tag="Z30">
      <subfield code="1">XAW1</subfield>
      <subfield code="2">MAG3</subfield>
      <subfield code="3">D7130/1997,1</subfield>
      <subfield code="b">1997</subfield>
      <subfield code="c">1</subfield>
      <subfield code="h">1997, J&#xE4;n.</subfield>
    </datafield>
    <datafield ind1="-" ind2="2" tag="Z30">
      <subfield code="1">XAW1</subfield>
      <subfield code="2">MAG3</subfield>
      <subfield code="3">D7130/1997,10</subfield>
      <subfield code="b">1997</subfield>
      <subfield code="c">10</subfield>
      <subfield code="h">1997, Okt</subfield>
    </datafield>
    <datafield ind1="-" ind2="2" tag="Z30">
      <subfield code="1">XAW1</subfield>
      <subfield code="2">MAG3</subfield>
      <subfield code="3">D7130/1997,11</subfield>
      <subfield code="b">1997</subfield>
      <subfield code="c">11</subfield>
      <subfield code="h">1997, Nov.</subfield>
    </datafield>
    <datafield ind1="-" ind2="2" tag="Z30">
      <subfield code="1">XAW1</subfield>
      <subfield code="2">MAG3</subfield>
      <subfield code="3">D7130/1997,12</subfield>
      <subfield code="b">1997</subfield>
      <subfield code="c">12</subfield>
      <subfield code="h">1997, Dez.</subfield>
    </datafield>
    <datafield ind1="-" ind2="2" tag="Z30">
      <subfield code="1">XAW1</subfield>
      <subfield code="2">MAG3</subfield>
      <subfield code="3">D7130/1997,2</subfield>
      <subfield code="b">1997</subfield>
      <subfield code="c">2</subfield>
      <subfield code="h">1997, Feb.</subfield>
    </datafield>
    <datafield ind1="-" ind2="2" tag="Z30">
      <subfield code="1">XAW1</subfield>
      <subfield code="2">MAG3</subfield>
      <subfield code="3">D7130/1997,3</subfield>
      <subfield code="b">1997</subfield>
      <subfield code="c">3</subfield>
      <subfield code="h">1997, M&#xE4;rz</subfield>
    </datafield>
    <datafield ind1="-" ind2="2" tag="Z30">
      <subfield code="1">XAW1</subfield>
      <subfield code="2">MAG3</subfield>
      <subfield code="3">D7130/1997,4</subfield>
      <subfield code="b">1997</subfield>
      <subfield code="c">4</subfield>
      <subfield code="h">1997, Apr.</subfield>
    </datafield>
    <datafield ind1="-" ind2="2" tag="Z30">
      <subfield code="1">XAW1</subfield>
      <subfield code="2">MAG3</subfield>
      <subfield code="3">D7130/1997,5</subfield>
      <subfield code="b">1997</subfield>
      <subfield code="c">5</subfield>
      <subfield code="h">1997, Mai</subfield>
    </datafield>
    <datafield ind1="-" ind2="2" tag="Z30">
      <subfield code="1">XAW1</subfield>
      <subfield code="2">MAG3</subfield>
      <subfield code="3">D7130/1997,6</subfield>
      <subfield code="b">1997</subfield>
      <subfield code="c">6</subfield>
      <subfield code="h">1997, Juni</subfield>
    </datafield>
    <datafield ind1="-" ind2="2" tag="Z30">
      <subfield code="1">XAW1</subfield>
      <subfield code="2">MAG3</subfield>
      <subfield code="3">D7130/1997,7</subfield>
      <subfield code="b">1997</subfield>
      <subfield code="c">7</subfield>
      <subfield code="h">1997, Juli</subfield>
    </datafield>
    <datafield ind1="-" ind2="2" tag="Z30">
      <subfield code="1">XAW1</subfield>
      <subfield code="2">MAG3</subfield>
      <subfield code="3">D7130/1997,8</subfield>
      <subfield code="b">1997</subfield>
      <subfield code="c">8</subfield>
      <subfield code="h">1997, Aug.</subfield>
    </datafield>
    <datafield ind1="-" ind2="2" tag="Z30">
      <subfield code="1">XAW1</subfield>
      <subfield code="2">MAG3</subfield>
      <subfield code="3">D7130/1997,9</subfield>
      <subfield code="b">1997</subfield>
      <subfield code="c">9</subfield>
      <subfield code="h">1997, Sept.</subfield>
    </datafield>
    <datafield ind1="-" ind2="2" tag="Z30">
      <subfield code="1">XAW1</subfield>
      <subfield code="2">MAG3</subfield>
      <subfield code="3">D7130/1998,1</subfield>
      <subfield code="b">1998</subfield>
      <subfield code="c">1</subfield>
      <subfield code="h">1998, Jan.</subfield>
    </datafield>
    <datafield ind1="-" ind2="2" tag="Z30">
      <subfield code="1">XAW1</subfield>
      <subfield code="2">MAG3</subfield>
      <subfield code="3">D7130/1998,10</subfield>
      <subfield code="b">1998</subfield>
      <subfield code="c">10</subfield>
      <subfield code="h">1998, Okt.</subfield>
    </datafield>
    <datafield ind1="-" ind2="2" tag="Z30">
      <subfield code="1">XAW1</subfield>
      <subfield code="2">MAG3</subfield>
      <subfield code="3">D7130/1998,11</subfield>
      <subfield code="b">1998</subfield>
      <subfield code="c">11</subfield>
      <subfield code="h">1998, Nov.</subfield>
    </datafield>
    <datafield ind1="-" ind2="2" tag="Z30">
      <subfield code="1">XAW1</subfield>
      <subfield code="2">MAG3</subfield>
      <subfield code="3">D7130/1998,12</subfield>
      <subfield code="b">1998</subfield>
      <subfield code="c">12</subfield>
      <subfield code="h">1998, Dez.</subfield>
    </datafield>
    <datafield ind1="-" ind2="2" tag="Z30">
      <subfield code="1">XAW1</subfield>
      <subfield code="2">MAG3</subfield>
      <subfield code="3">D7130/1998,2</subfield>
      <subfield code="b">1998</subfield>
      <subfield code="c">2</subfield>
      <subfield code="h">1998, Feb.</subfield>
    </datafield>
    <datafield ind1="-" ind2="2" tag="Z30">
      <subfield code="1">XAW1</subfield>
      <subfield code="2">MAG3</subfield>
      <subfield code="3">D7130/1998,3</subfield>
      <subfield code="b">1998</subfield>
      <subfield code="c">3</subfield>
      <subfield code="h">1998, M&#xE4;rz</subfield>
    </datafield>
    <datafield ind1="-" ind2="2" tag="Z30">
      <subfield code="1">XAW1</subfield>
      <subfield code="2">MAG3</subfield>
      <subfield code="3">D7130/1998,4</subfield>
      <subfield code="b">1998</subfield>
      <subfield code="c">4</subfield>
      <subfield code="h">1998, Apr.</subfield>
    </datafield>
    <datafield ind1="-" ind2="2" tag="Z30">
      <subfield code="1">XAW1</subfield>
      <subfield code="2">MAG3</subfield>
      <subfield code="3">D7130/1998,5</subfield>
      <subfield code="b">1998</subfield>
      <subfield code="c">5</subfield>
      <subfield code="h">1998, Mai</subfield>
    </datafield>
    <datafield ind1="-" ind2="2" tag="Z30">
      <subfield code="1">XAW1</subfield>
      <subfield code="2">MAG3</subfield>
      <subfield code="3">D7130/1998,6</subfield>
      <subfield code="b">1998</subfield>
      <subfield code="c">6</subfield>
      <subfield code="h">1998, Juni</subfield>
    </datafield>
    <datafield ind1="-" ind2="2" tag="Z30">
      <subfield code="1">XAW1</subfield>
      <subfield code="2">MAG3</subfield>
      <subfield code="3">D7130/1998,7</subfield>
      <subfield code="b">1998</subfield>
      <subfield code="c">7</subfield>
      <subfield code="h">1998, Juli</subfield>
    </datafield>
    <datafield ind1="-" ind2="2" tag="Z30">
      <subfield code="1">XAW1</subfield>
      <subfield code="2">MAG3</subfield>
      <subfield code="3">D7130/1998,8</subfield>
      <subfield code="b">1998</subfield>
      <subfield code="c">8</subfield>
      <subfield code="h">1998, Aug.</subfield>
    </datafield>
    <datafield ind1="-" ind2="2" tag="Z30">
      <subfield code="1">XAW1</subfield>
      <subfield code="2">MAG3</subfield>
      <subfield code="3">D7130/1998,9</subfield>
      <subfield code="b">1998</subfield>
      <subfield code="c">9</subfield>
      <subfield code="h">1998, Sept.</subfield>
    </datafield>
    <datafield ind1="-" ind2="2" tag="Z30">
      <subfield code="1">XAW1</subfield>
      <subfield code="2">MAG3</subfield>
      <subfield code="3">D7130/1999,1</subfield>
      <subfield code="b">1999</subfield>
      <subfield code="c">1</subfield>
      <subfield code="h">1999, Jan.</subfield>
    </datafield>
    <datafield ind1="-" ind2="2" tag="Z30">
      <subfield code="1">XAW1</subfield>
      <subfield code="2">MAG3</subfield>
      <subfield code="3">D7130/1999,10</subfield>
      <subfield code="b">1999</subfield>
      <subfield code="c">10</subfield>
      <subfield code="h">1999, Okt.</subfield>
    </datafield>
    <datafield ind1="-" ind2="2" tag="Z30">
      <subfield code="1">XAW1</subfield>
      <subfield code="2">MAG3</subfield>
      <subfield code="3">D7130/1999,11</subfield>
      <subfield code="b">1999</subfield>
      <subfield code="c">11</subfield>
      <subfield code="h">1999, Nov.</subfield>
    </datafield>
    <datafield ind1="-" ind2="2" tag="Z30">
      <subfield code="1">XAW1</subfield>
      <subfield code="2">MAG3</subfield>
      <subfield code="3">D7130/1999,12</subfield>
      <subfield code="b">1999</subfield>
      <subfield code="c">12</subfield>
      <subfield code="h">1999, Dez.</subfield>
    </datafield>
    <datafield ind1="-" ind2="2" tag="Z30">
      <subfield code="1">XAW1</subfield>
      <subfield code="2">MAG3</subfield>
      <subfield code="3">D7130/1999,2</subfield>
      <subfield code="b">1999</subfield>
      <subfield code="c">2</subfield>
      <subfield code="h">1999, Feb.</subfield>
    </datafield>
    <datafield ind1="-" ind2="2" tag="Z30">
      <subfield code="1">XAW1</subfield>
      <subfield code="2">MAG3</subfield>
      <subfield code="3">D7130/1999,3</subfield>
      <subfield code="b">1999</subfield>
      <subfield code="c">3</subfield>
      <subfield code="h">1999, M&#xE4;rz</subfield>
    </datafield>
    <datafield ind1="-" ind2="2" tag="Z30">
      <subfield code="1">XAW1</subfield>
      <subfield code="2">MAG3</subfield>
      <subfield code="3">D7130/1999,4</subfield>
      <subfield code="b">1999</subfield>
      <subfield code="c">4</subfield>
      <subfield code="h">1999, Apr.</subfield>
    </datafield>
    <datafield ind1="-" ind2="2" tag="Z30">
      <subfield code="1">XAW1</subfield>
      <subfield code="2">MAG3</subfield>
      <subfield code="3">D7130/1999,5</subfield>
      <subfield code="b">1999</subfield>
      <subfield code="c">5</subfield>
      <subfield code="h">1999, Mai</subfield>
    </datafield>
    <datafield ind1="-" ind2="2" tag="Z30">
      <subfield code="1">XAW1</subfield>
      <subfield code="2">MAG3</subfield>
      <subfield code="3">D7130/1999,6</subfield>
      <subfield code="b">1999</subfield>
      <subfield code="c">6</subfield>
      <subfield code="h">1999, Juni</subfield>
    </datafield>
    <datafield ind1="-" ind2="2" tag="Z30">
      <subfield code="1">XAW1</subfield>
      <subfield code="2">MAG3</subfield>
      <subfield code="3">D7130/1999,7</subfield>
      <subfield code="b">1999</subfield>
      <subfield code="c">7</subfield>
      <subfield code="h">1999, Juli</subfield>
    </datafield>
    <datafield ind1="-" ind2="2" tag="Z30">
      <subfield code="1">XAW1</subfield>
      <subfield code="2">MAG3</subfield>
      <subfield code="3">D7130/1999,8</subfield>
      <subfield code="b">1999</subfield>
      <subfield code="c">8</subfield>
      <subfield code="h">1999, Aug.</subfield>
    </datafield>
    <datafield ind1="-" ind2="2" tag="Z30">
      <subfield code="1">XAW1</subfield>
      <subfield code="2">MAG3</subfield>
      <subfield code="3">D7130/1999,9</subfield>
      <subfield code="b">1999</subfield>
      <subfield code="c">9</subfield>
      <subfield code="h">1999, Sept.</subfield>
    </datafield>
    <datafield ind1="-" ind2="2" tag="Z30">
      <subfield code="1">XAW1</subfield>
      <subfield code="2">MAG3</subfield>
      <subfield code="3">D7130/2000,1</subfield>
      <subfield code="b">2000</subfield>
      <subfield code="c">1</subfield>
      <subfield code="h">2000, J&#xE4;n.</subfield>
    </datafield>
    <datafield ind1="-" ind2="2" tag="Z30">
      <subfield code="1">XAW1</subfield>
      <subfield code="2">MAG3</subfield>
      <subfield code="3">D7130/2000,10</subfield>
      <subfield code="b">2000</subfield>
      <subfield code="c">10</subfield>
      <subfield code="h">2000, Okt.</subfield>
    </datafield>
    <datafield ind1="-" ind2="2" tag="Z30">
      <subfield code="1">XAW1</subfield>
      <subfield code="2">MAG3</subfield>
      <subfield code="3">D7130/2000,11</subfield>
      <subfield code="b">2000</subfield>
      <subfield code="c">11</subfield>
      <subfield code="h">2000, Nov.</subfield>
    </datafield>
    <datafield ind1="-" ind2="2" tag="Z30">
      <subfield code="1">XAW1</subfield>
      <subfield code="2">MAG3</subfield>
      <subfield code="3">D7130/2000,2</subfield>
      <subfield code="b">2000</subfield>
      <subfield code="c">2</subfield>
      <subfield code="h">2000, Feb.</subfield>
    </datafield>
    <datafield ind1="-" ind2="2" tag="Z30">
      <subfield code="1">XAW1</subfield>
      <subfield code="2">MAG3</subfield>
      <subfield code="3">D7130/2000,3</subfield>
      <subfield code="b">2000</subfield>
      <subfield code="c">3</subfield>
      <subfield code="h">2000, M&#xE4;rz</subfield>
    </datafield>
    <datafield ind1="-" ind2="2" tag="Z30">
      <subfield code="1">XAW1</subfield>
      <subfield code="2">MAG3</subfield>
      <subfield code="3">D7130/2000,4</subfield>
      <subfield code="b">2000</subfield>
      <subfield code="c">4</subfield>
      <subfield code="h">2000, April</subfield>
    </datafield>
    <datafield ind1="-" ind2="2" tag="Z30">
      <subfield code="1">XAW1</subfield>
      <subfield code="2">MAG3</subfield>
      <subfield code="3">D7130/2000,5</subfield>
      <subfield code="b">2000</subfield>
      <subfield code="c">5</subfield>
      <subfield code="h">2000, Mai</subfield>
    </datafield>
    <datafield ind1="-" ind2="2" tag="Z30">
      <subfield code="1">XAW1</subfield>
      <subfield code="2">MAG3</subfield>
      <subfield code="3">D7130/2000,6</subfield>
      <subfield code="b">2000</subfield>
      <subfield code="c">6</subfield>
      <subfield code="h">2000, Juni</subfield>
    </datafield>
    <datafield ind1="-" ind2="2" tag="Z30">
      <subfield code="1">XAW1</subfield>
      <subfield code="2">MAG3</subfield>
      <subfield code="3">D7130/2000,7</subfield>
      <subfield code="b">2000</subfield>
      <subfield code="c">7</subfield>
      <subfield code="h">2000, Juli</subfield>
    </datafield>
    <datafield ind1="-" ind2="2" tag="Z30">
      <subfield code="1">XAW1</subfield>
      <subfield code="2">MAG3</subfield>
      <subfield code="3">D7130/2000,8</subfield>
      <subfield code="b">2000</subfield>
      <subfield code="c">8</subfield>
      <subfield code="h">2000, Aug.</subfield>
    </datafield>
    <datafield ind1="-" ind2="2" tag="Z30">
      <subfield code="1">XAW1</subfield>
      <subfield code="2">MAG3</subfield>
      <subfield code="3">D7130/2000,9</subfield>
      <subfield code="b">2000</subfield>
      <subfield code="c">9</subfield>
      <subfield code="h">2000, Sept.</subfield>
    </datafield>
    <datafield ind1="-" ind2="2" tag="Z30">
      <subfield code="1">XAW1</subfield>
      <subfield code="2">MAG3</subfield>
      <subfield code="3">D7130/2001,1</subfield>
      <subfield code="b">2001</subfield>
      <subfield code="c">1</subfield>
      <subfield code="h">2001, J&#xE4;n.</subfield>
    </datafield>
    <datafield ind1="-" ind2="2" tag="Z30">
      <subfield code="1">XAW1</subfield>
      <subfield code="2">MAG3</subfield>
      <subfield code="3">D7130/2001,10</subfield>
      <subfield code="b">2001</subfield>
      <subfield code="c">10</subfield>
      <subfield code="h">2001, Okt.</subfield>
    </datafield>
    <datafield ind1="-" ind2="2" tag="Z30">
      <subfield code="1">XAW1</subfield>
      <subfield code="2">MAG3</subfield>
      <subfield code="3">D7130/2001,11</subfield>
      <subfield code="b">2001</subfield>
      <subfield code="c">11</subfield>
      <subfield code="h">2001,Nov.</subfield>
    </datafield>
    <datafield ind1="-" ind2="2" tag="Z30">
      <subfield code="1">XAW1</subfield>
      <subfield code="2">MAG3</subfield>
      <subfield code="3">D7130/2001,12</subfield>
      <subfield code="b">2001</subfield>
      <subfield code="h">2001,Dez.</subfield>
    </datafield>
    <datafield ind1="-" ind2="2" tag="Z30">
      <subfield code="1">XAW1</subfield>
      <subfield code="2">MAG3</subfield>
      <subfield code="3">D7130/2001,2</subfield>
      <subfield code="b">2001</subfield>
      <subfield code="c">2</subfield>
      <subfield code="h">2001, Feb.</subfield>
    </datafield>
    <datafield ind1="-" ind2="2" tag="Z30">
      <subfield code="1">XAW1</subfield>
      <subfield code="2">MAG3</subfield>
      <subfield code="3">D7130/2001,3</subfield>
      <subfield code="b">2001</subfield>
      <subfield code="c">3</subfield>
      <subfield code="h">2001, M&#xE4;rz</subfield>
    </datafield>
    <datafield ind1="-" ind2="2" tag="Z30">
      <subfield code="1">XAW1</subfield>
      <subfield code="2">MAG3</subfield>
      <subfield code="3">D7130/2001,4</subfield>
      <subfield code="b">2001</subfield>
      <subfield code="c">4</subfield>
      <subfield code="h">2001, Apr.</subfield>
    </datafield>
    <datafield ind1="-" ind2="2" tag="Z30">
      <subfield code="1">XAW1</subfield>
      <subfield code="2">MAG3</subfield>
      <subfield code="3">D7130/2001,5</subfield>
      <subfield code="b">2001</subfield>
      <subfield code="c">5</subfield>
      <subfield code="h">2001, Mai</subfield>
    </datafield>
    <datafield ind1="-" ind2="2" tag="Z30">
      <subfield code="1">XAW1</subfield>
      <subfield code="2">MAG3</subfield>
      <subfield code="3">D7130/2001,6</subfield>
      <subfield code="b">2001</subfield>
      <subfield code="c">6</subfield>
      <subfield code="h">2001, Juni</subfield>
    </datafield>
    <datafield ind1="-" ind2="2" tag="Z30">
      <subfield code="1">XAW1</subfield>
      <subfield code="2">MAG3</subfield>
      <subfield code="3">D7130/2001,7</subfield>
      <subfield code="b">2001</subfield>
      <subfield code="c">7</subfield>
      <subfield code="h">2001, Juli</subfield>
    </datafield>
    <datafield ind1="-" ind2="2" tag="Z30">
      <subfield code="1">XAW1</subfield>
      <subfield code="2">MAG3</subfield>
      <subfield code="3">D7130/2001,8</subfield>
      <subfield code="b">2001</subfield>
      <subfield code="c">8</subfield>
      <subfield code="h">2001, Aug.</subfield>
    </datafield>
    <datafield ind1="-" ind2="2" tag="Z30">
      <subfield code="1">XAW1</subfield>
      <subfield code="2">MAG3</subfield>
      <subfield code="3">D7130/2001,9</subfield>
      <subfield code="b">2001</subfield>
      <subfield code="c">9</subfield>
      <subfield code="h">2001, Sept.</subfield>
    </datafield>
    <datafield ind1="-" ind2="2" tag="Z30">
      <subfield code="1">XAW1</subfield>
      <subfield code="2">MAG3</subfield>
      <subfield code="3">D7130/2002,1</subfield>
      <subfield code="b">2002</subfield>
      <subfield code="c">1</subfield>
      <subfield code="h">2002,Jan.</subfield>
    </datafield>
    <datafield ind1="-" ind2="2" tag="Z30">
      <subfield code="1">XAW1</subfield>
      <subfield code="2">MAG3</subfield>
      <subfield code="3">D7130/2002,10</subfield>
      <subfield code="b">2002</subfield>
      <subfield code="c">10</subfield>
      <subfield code="h">2002, Okt.</subfield>
    </datafield>
    <datafield ind1="-" ind2="2" tag="Z30">
      <subfield code="1">XAW1</subfield>
      <subfield code="2">MAG3</subfield>
      <subfield code="3">D7130/2002,11</subfield>
      <subfield code="b">2002</subfield>
      <subfield code="c">11</subfield>
      <subfield code="h">2002, Nov.</subfield>
    </datafield>
    <datafield ind1="-" ind2="2" tag="Z30">
      <subfield code="1">XAW1</subfield>
      <subfield code="2">MAG3</subfield>
      <subfield code="3">D7130/2002,12</subfield>
      <subfield code="b">2002</subfield>
      <subfield code="c">12</subfield>
      <subfield code="h">2002, Dez.</subfield>
    </datafield>
    <datafield ind1="-" ind2="2" tag="Z30">
      <subfield code="1">XAW1</subfield>
      <subfield code="2">MAG3</subfield>
      <subfield code="3">D7130/2002,2</subfield>
      <subfield code="b">2002</subfield>
      <subfield code="c">2</subfield>
      <subfield code="h">2002, Feb.</subfield>
    </datafield>
    <datafield ind1="-" ind2="2" tag="Z30">
      <subfield code="1">XAW1</subfield>
      <subfield code="2">MAG3</subfield>
      <subfield code="3">D7130/2002,3</subfield>
      <subfield code="b">2002</subfield>
      <subfield code="c">3</subfield>
      <subfield code="h">2002, M&#xE4;rz</subfield>
    </datafield>
    <datafield ind1="-" ind2="2" tag="Z30">
      <subfield code="1">XAW1</subfield>
      <subfield code="2">MAG3</subfield>
      <subfield code="3">D7130/2002,4</subfield>
      <subfield code="b">2002</subfield>
      <subfield code="c">4</subfield>
      <subfield code="h">2002, Apr.</subfield>
    </datafield>
    <datafield ind1="-" ind2="2" tag="Z30">
      <subfield code="1">XAW1</subfield>
      <subfield code="2">MAG3</subfield>
      <subfield code="3">D7130/2002,5</subfield>
      <subfield code="b">2002</subfield>
      <subfield code="c">5</subfield>
      <subfield code="h">2002, Mai</subfield>
    </datafield>
    <datafield ind1="-" ind2="2" tag="Z30">
      <subfield code="1">XAW1</subfield>
      <subfield code="2">MAG3</subfield>
      <subfield code="3">D7130/2002,6</subfield>
      <subfield code="b">2002</subfield>
      <subfield code="c">6</subfield>
      <subfield code="h">2002, Juni</subfield>
    </datafield>
    <datafield ind1="-" ind2="2" tag="Z30">
      <subfield code="1">XAW1</subfield>
      <subfield code="2">MAG3</subfield>
      <subfield code="3">D7130/2002,7</subfield>
      <subfield code="b">2002</subfield>
      <subfield code="c">7</subfield>
      <subfield code="h">2002, Juli</subfield>
    </datafield>
    <datafield ind1="-" ind2="2" tag="Z30">
      <subfield code="1">XAW1</subfield>
      <subfield code="2">MAG3</subfield>
      <subfield code="3">D7130/2002,8</subfield>
      <subfield code="b">2002</subfield>
      <subfield code="c">8</subfield>
      <subfield code="h">2002, Aug.</subfield>
    </datafield>
    <datafield ind1="-" ind2="2" tag="Z30">
      <subfield code="1">XAW1</subfield>
      <subfield code="2">MAG3</subfield>
      <subfield code="3">D7130/2002,9</subfield>
      <subfield code="b">2002</subfield>
      <subfield code="c">9</subfield>
      <subfield code="h">2002, Sept.</subfield>
    </datafield>
    <datafield ind1="-" ind2="2" tag="Z30">
      <subfield code="1">XAW1</subfield>
      <subfield code="2">MAG3</subfield>
      <subfield code="3">D7130/2003,1</subfield>
      <subfield code="b">2003</subfield>
      <subfield code="c">1</subfield>
      <subfield code="h">2003, Jan.</subfield>
    </datafield>
    <datafield ind1="-" ind2="2" tag="Z30">
      <subfield code="1">XAW1</subfield>
      <subfield code="2">MAG3</subfield>
      <subfield code="3">D7130/2003,10</subfield>
      <subfield code="b">2003</subfield>
      <subfield code="c">10</subfield>
      <subfield code="h">2003,Okt.</subfield>
    </datafield>
    <datafield ind1="-" ind2="2" tag="Z30">
      <subfield code="1">XAW1</subfield>
      <subfield code="2">MAG3</subfield>
      <subfield code="3">D7130/2003,11</subfield>
      <subfield code="b">2003</subfield>
      <subfield code="c">11</subfield>
      <subfield code="h">2003,Nov.</subfield>
    </datafield>
    <datafield ind1="-" ind2="2" tag="Z30">
      <subfield code="1">XAW1</subfield>
      <subfield code="2">MAG3</subfield>
      <subfield code="3">D7130/2003,12</subfield>
      <subfield code="b">2003</subfield>
      <subfield code="c">12</subfield>
      <subfield code="h">2003,Dez.</subfield>
    </datafield>
    <datafield ind1="-" ind2="2" tag="Z30">
      <subfield code="1">XAW1</subfield>
      <subfield code="2">MAG3</subfield>
      <subfield code="3">D7130/2003,2</subfield>
      <subfield code="b">2003</subfield>
      <subfield code="c">2</subfield>
      <subfield code="h">2003,Feb.</subfield>
    </datafield>
    <datafield ind1="-" ind2="2" tag="Z30">
      <subfield code="1">XAW1</subfield>
      <subfield code="2">MAG3</subfield>
      <subfield code="3">D7130/2003,3</subfield>
      <subfield code="b">2003</subfield>
      <subfield code="c">3</subfield>
      <subfield code="h">2003,M&#xE4;rz</subfield>
    </datafield>
    <datafield ind1="-" ind2="2" tag="Z30">
      <subfield code="1">XAW1</subfield>
      <subfield code="2">MAG3</subfield>
      <subfield code="3">D7130/2003,4</subfield>
      <subfield code="b">2003</subfield>
      <subfield code="c">4</subfield>
      <subfield code="h">2003,Apr.</subfield>
    </datafield>
    <datafield ind1="-" ind2="2" tag="Z30">
      <subfield code="1">XAW1</subfield>
      <subfield code="2">MAG3</subfield>
      <subfield code="3">D7130/2003,5</subfield>
      <subfield code="b">2003</subfield>
      <subfield code="c">5</subfield>
      <subfield code="h">2003,Mai</subfield>
    </datafield>
    <datafield ind1="-" ind2="2" tag="Z30">
      <subfield code="1">XAW1</subfield>
      <subfield code="2">MAG3</subfield>
      <subfield code="3">D7130/2003,6</subfield>
      <subfield code="b">2003</subfield>
      <subfield code="c">6</subfield>
      <subfield code="h">2003,Juni</subfield>
    </datafield>
    <datafield ind1="-" ind2="2" tag="Z30">
      <subfield code="1">XAW1</subfield>
      <subfield code="2">MAG3</subfield>
      <subfield code="3">D7130/2003,7</subfield>
      <subfield code="b">2003</subfield>
      <subfield code="c">7</subfield>
      <subfield code="h">2003,Juli</subfield>
    </datafield>
    <datafield ind1="-" ind2="2" tag="Z30">
      <subfield code="1">XAW1</subfield>
      <subfield code="2">MAG3</subfield>
      <subfield code="3">D7130/2003,8</subfield>
      <subfield code="b">2003</subfield>
      <subfield code="c">8</subfield>
      <subfield code="h">2003,Aug.</subfield>
    </datafield>
    <datafield ind1="-" ind2="2" tag="Z30">
      <subfield code="1">XAW1</subfield>
      <subfield code="2">MAG3</subfield>
      <subfield code="3">D7130/2003,9</subfield>
      <subfield code="b">2003</subfield>
      <subfield code="c">9</subfield>
      <subfield code="h">2003,Sept.</subfield>
    </datafield>
    <datafield ind1="-" ind2="2" tag="Z30">
      <subfield code="1">XAW1</subfield>
      <subfield code="2">MAG3</subfield>
      <subfield code="3">D7130/2004,1</subfield>
      <subfield code="b">2004</subfield>
      <subfield code="c">1</subfield>
      <subfield code="h">2004,Jan.</subfield>
    </datafield>
    <datafield ind1="-" ind2="2" tag="Z30">
      <subfield code="1">XAW1</subfield>
      <subfield code="2">MAG3</subfield>
      <subfield code="3">D7130/2004,10</subfield>
      <subfield code="b">2004</subfield>
      <subfield code="c">10</subfield>
      <subfield code="h">2004,Okt.</subfield>
    </datafield>
    <datafield ind1="-" ind2="2" tag="Z30">
      <subfield code="1">XAW1</subfield>
      <subfield code="2">MAG3</subfield>
      <subfield code="3">D7130/2004,11</subfield>
      <subfield code="b">2004</subfield>
      <subfield code="c">11</subfield>
      <subfield code="h">2004,Nov.</subfield>
    </datafield>
    <datafield ind1="-" ind2="2" tag="Z30">
      <subfield code="1">XAW1</subfield>
      <subfield code="2">MAG3</subfield>
      <subfield code="3">D7130/2004,12</subfield>
      <subfield code="b">2004</subfield>
      <subfield code="c">12</subfield>
      <subfield code="h">2004,Dez.</subfield>
    </datafield>
    <datafield ind1="-" ind2="2" tag="Z30">
      <subfield code="1">XAW1</subfield>
      <subfield code="2">MAG3</subfield>
      <subfield code="3">D7130/2004,2</subfield>
      <subfield code="b">2004</subfield>
      <subfield code="c">2</subfield>
      <subfield code="h">2004,Feb.</subfield>
    </datafield>
    <datafield ind1="-" ind2="2" tag="Z30">
      <subfield code="1">XAW1</subfield>
      <subfield code="2">MAG3</subfield>
      <subfield code="3">D7130/2004,4</subfield>
      <subfield code="b">2004</subfield>
      <subfield code="c">4</subfield>
      <subfield code="h">2004,Apr.</subfield>
    </datafield>
    <datafield ind1="-" ind2="2" tag="Z30">
      <subfield code="1">XAW1</subfield>
      <subfield code="2">MAG3</subfield>
      <subfield code="3">D7130/2004,5</subfield>
      <subfield code="b">2004</subfield>
      <subfield code="c">5</subfield>
      <subfield code="h">2004,Mai</subfield>
    </datafield>
    <datafield ind1="-" ind2="2" tag="Z30">
      <subfield code="1">XAW1</subfield>
      <subfield code="2">MAG3</subfield>
      <subfield code="3">D7130/2004,6</subfield>
      <subfield code="b">2004</subfield>
      <subfield code="c">6</subfield>
      <subfield code="h">2004,Juni</subfield>
    </datafield>
    <datafield ind1="-" ind2="2" tag="Z30">
      <subfield code="1">XAW1</subfield>
      <subfield code="2">MAG3</subfield>
      <subfield code="3">D7130/2004,7</subfield>
      <subfield code="b">2004</subfield>
      <subfield code="c">7</subfield>
      <subfield code="h">2004,Juli</subfield>
    </datafield>
    <datafield ind1="-" ind2="2" tag="Z30">
      <subfield code="1">XAW1</subfield>
      <subfield code="2">MAG3</subfield>
      <subfield code="3">D7130/2004,8</subfield>
      <subfield code="b">2004</subfield>
      <subfield code="c">8</subfield>
      <subfield code="h">2004,Aug.</subfield>
    </datafield>
    <datafield ind1="-" ind2="2" tag="Z30">
      <subfield code="1">XAW1</subfield>
      <subfield code="2">MAG3</subfield>
      <subfield code="3">D7130/2004,9</subfield>
      <subfield code="b">2004</subfield>
      <subfield code="c">9</subfield>
      <subfield code="h">2004,Sept.</subfield>
    </datafield>
    <datafield ind1="-" ind2="2" tag="Z30">
      <subfield code="1">XAW1</subfield>
      <subfield code="2">MAG3</subfield>
      <subfield code="3">D7130/2005,1</subfield>
      <subfield code="b">2005</subfield>
      <subfield code="c">1</subfield>
      <subfield code="h">2005,Jan.</subfield>
    </datafield>
    <datafield ind1="-" ind2="2" tag="Z30">
      <subfield code="1">XAW1</subfield>
      <subfield code="2">MAG3</subfield>
      <subfield code="3">D7130/2005,10</subfield>
      <subfield code="b">2005</subfield>
      <subfield code="c">10</subfield>
      <subfield code="h">2005,Okt.</subfield>
      <subfield code="i">20050608</subfield>
    </datafield>
    <datafield ind1="-" ind2="2" tag="Z30">
      <subfield code="1">XAW1</subfield>
      <subfield code="2">MAG3</subfield>
      <subfield code="3">D7130/2005,11</subfield>
      <subfield code="b">2005</subfield>
      <subfield code="c">11</subfield>
      <subfield code="h">2005,Nov.</subfield>
      <subfield code="i">20050608</subfield>
    </datafield>
    <datafield ind1="-" ind2="2" tag="Z30">
      <subfield code="1">XAW1</subfield>
      <subfield code="2">MAG3</subfield>
      <subfield code="3">D7130/2005,12</subfield>
      <subfield code="b">2005</subfield>
      <subfield code="c">12</subfield>
      <subfield code="h">2005,Dez.</subfield>
      <subfield code="i">20050608</subfield>
    </datafield>
    <datafield ind1="-" ind2="2" tag="Z30">
      <subfield code="1">XAW1</subfield>
      <subfield code="2">MAG3</subfield>
      <subfield code="3">D7130/2005,2</subfield>
      <subfield code="b">2005</subfield>
      <subfield code="c">2</subfield>
      <subfield code="h">2005,Feb.</subfield>
    </datafield>
    <datafield ind1="-" ind2="2" tag="Z30">
      <subfield code="1">XAW1</subfield>
      <subfield code="2">MAG3</subfield>
      <subfield code="3">D7130/2005,3</subfield>
      <subfield code="b">2005</subfield>
      <subfield code="c">3</subfield>
      <subfield code="h">2005,M&#xE4;rz</subfield>
    </datafield>
    <datafield ind1="-" ind2="2" tag="Z30">
      <subfield code="1">XAW1</subfield>
      <subfield code="2">MAG3</subfield>
      <subfield code="3">D7130/2005,4</subfield>
      <subfield code="b">2005</subfield>
      <subfield code="c">4</subfield>
      <subfield code="h">2005,Apr.</subfield>
      <subfield code="i">20050608</subfield>
    </datafield>
    <datafield ind1="-" ind2="2" tag="Z30">
      <subfield code="1">XAW1</subfield>
      <subfield code="2">MAG3</subfield>
      <subfield code="3">D7130/2005,5</subfield>
      <subfield code="b">2005</subfield>
      <subfield code="c">5</subfield>
      <subfield code="h">2005,Mai</subfield>
      <subfield code="i">20050608</subfield>
    </datafield>
    <datafield ind1="-" ind2="2" tag="Z30">
      <subfield code="1">XAW1</subfield>
      <subfield code="2">MAG3</subfield>
      <subfield code="3">D7130/2005,6</subfield>
      <subfield code="b">2005</subfield>
      <subfield code="c">6</subfield>
      <subfield code="h">2005,Juni</subfield>
      <subfield code="i">20050608</subfield>
    </datafield>
    <datafield ind1="-" ind2="2" tag="Z30">
      <subfield code="1">XAW1</subfield>
      <subfield code="2">MAG3</subfield>
      <subfield code="3">D7130/2005,7</subfield>
      <subfield code="b">2005</subfield>
      <subfield code="c">7</subfield>
      <subfield code="h">2005,Juli</subfield>
      <subfield code="i">20050608</subfield>
    </datafield>
    <datafield ind1="-" ind2="2" tag="Z30">
      <subfield code="1">XAW1</subfield>
      <subfield code="2">MAG3</subfield>
      <subfield code="3">D7130/2005,8</subfield>
      <subfield code="b">2005</subfield>
      <subfield code="c">8</subfield>
      <subfield code="h">2005,Aug.</subfield>
      <subfield code="i">20050608</subfield>
    </datafield>
    <datafield ind1="-" ind2="2" tag="Z30">
      <subfield code="1">XAW1</subfield>
      <subfield code="2">MAG3</subfield>
      <subfield code="3">D7130/2005,9</subfield>
      <subfield code="b">2005</subfield>
      <subfield code="c">9</subfield>
      <subfield code="h">2005,Sept.</subfield>
      <subfield code="i">20050608</subfield>
    </datafield>
    <datafield ind1="-" ind2="2" tag="Z30">
      <subfield code="1">XAW1</subfield>
      <subfield code="2">MAG3</subfield>
      <subfield code="3">D7130/2006,1</subfield>
      <subfield code="b">2006</subfield>
      <subfield code="c">1</subfield>
      <subfield code="h">2006,Jan.</subfield>
      <subfield code="i">20050608</subfield>
    </datafield>
    <datafield ind1="-" ind2="2" tag="Z30">
      <subfield code="1">XAW1</subfield>
      <subfield code="2">MAG3</subfield>
      <subfield code="3">D7130/2006,10</subfield>
      <subfield code="b">2006</subfield>
      <subfield code="c">10</subfield>
      <subfield code="h">2006,Okt.</subfield>
    </datafield>
    <datafield ind1="-" ind2="2" tag="Z30">
      <subfield code="1">XAW1</subfield>
      <subfield code="2">MAG3</subfield>
      <subfield code="3">D7130/2006,11</subfield>
      <subfield code="b">2006</subfield>
      <subfield code="c">11</subfield>
      <subfield code="h">2006,Nov.</subfield>
    </datafield>
    <datafield ind1="-" ind2="2" tag="Z30">
      <subfield code="1">XAW1</subfield>
      <subfield code="2">MAG3</subfield>
      <subfield code="3">D7130/2006,12</subfield>
      <subfield code="b">2006</subfield>
      <subfield code="c">12</subfield>
      <subfield code="h">2006,Dez.</subfield>
    </datafield>
    <datafield ind1="-" ind2="2" tag="Z30">
      <subfield code="1">XAW1</subfield>
      <subfield code="2">MAG3</subfield>
      <subfield code="3">D7130/2006,2</subfield>
      <subfield code="b">2006</subfield>
      <subfield code="c">2</subfield>
      <subfield code="h">2006,Feb.</subfield>
      <subfield code="i">20050608</subfield>
    </datafield>
    <datafield ind1="-" ind2="2" tag="Z30">
      <subfield code="1">XAW1</subfield>
      <subfield code="2">MAG3</subfield>
      <subfield code="3">D7130/2006,3</subfield>
      <subfield code="b">2006</subfield>
      <subfield code="c">3</subfield>
      <subfield code="h">2006,M&#xE4;rz</subfield>
      <subfield code="i">20050608</subfield>
    </datafield>
    <datafield ind1="-" ind2="2" tag="Z30">
      <subfield code="1">XAW1</subfield>
      <subfield code="2">MAG3</subfield>
      <subfield code="3">D7130/2006,4</subfield>
      <subfield code="b">2006</subfield>
      <subfield code="c">4</subfield>
      <subfield code="h">2006,April</subfield>
      <subfield code="i">20050608</subfield>
    </datafield>
    <datafield ind1="-" ind2="2" tag="Z30">
      <subfield code="1">XAW1</subfield>
      <subfield code="2">MAG3</subfield>
      <subfield code="3">D7130/2006,5</subfield>
      <subfield code="b">2006</subfield>
      <subfield code="c">5</subfield>
      <subfield code="h">2006,Mai</subfield>
    </datafield>
    <datafield ind1="-" ind2="2" tag="Z30">
      <subfield code="1">XAW1</subfield>
      <subfield code="2">MAG3</subfield>
      <subfield code="3">D7130/2006,6</subfield>
      <subfield code="b">2006</subfield>
      <subfield code="c">6</subfield>
      <subfield code="h">2006,Juni</subfield>
    </datafield>
    <datafield ind1="-" ind2="2" tag="Z30">
      <subfield code="1">XAW1</subfield>
      <subfield code="2">MAG3</subfield>
      <subfield code="3">D7130/2006,7</subfield>
      <subfield code="b">2006</subfield>
      <subfield code="c">7</subfield>
      <subfield code="h">2006,Juli</subfield>
    </datafield>
    <datafield ind1="-" ind2="2" tag="Z30">
      <subfield code="1">XAW1</subfield>
      <subfield code="2">MAG3</subfield>
      <subfield code="3">D7130/2006,8</subfield>
      <subfield code="b">2006</subfield>
      <subfield code="c">8</subfield>
      <subfield code="h">2006,Aug.</subfield>
      <subfield code="i">20061011</subfield>
    </datafield>
    <datafield ind1="-" ind2="2" tag="Z30">
      <subfield code="1">XAW1</subfield>
      <subfield code="2">MAG3</subfield>
      <subfield code="3">D7130/2006,9</subfield>
      <subfield code="b">2006</subfield>
      <subfield code="c">9</subfield>
      <subfield code="h">2006,Sept.</subfield>
    </datafield>
    <datafield ind1="-" ind2="2" tag="Z30">
      <subfield code="1">XAW1</subfield>
      <subfield code="2">MAG3</subfield>
      <subfield code="3">D7130/2007,1</subfield>
      <subfield code="b">2007</subfield>
      <subfield code="c">1</subfield>
      <subfield code="h">2007,Jan.</subfield>
    </datafield>
    <datafield ind1="-" ind2="2" tag="Z30">
      <subfield code="1">XAW1</subfield>
      <subfield code="2">MAG3</subfield>
      <subfield code="3">D7130/2007,10</subfield>
      <subfield code="b">2007</subfield>
      <subfield code="c">10</subfield>
      <subfield code="h">2007, Okt.</subfield>
    </datafield>
    <datafield ind1="-" ind2="2" tag="Z30">
      <subfield code="1">XAW1</subfield>
      <subfield code="2">MAG3</subfield>
      <subfield code="3">D7130/2007,11</subfield>
      <subfield code="b">2007</subfield>
      <subfield code="c">11</subfield>
      <subfield code="h">2007, Nov.</subfield>
    </datafield>
    <datafield ind1="-" ind2="2" tag="Z30">
      <subfield code="1">XAW1</subfield>
      <subfield code="2">MAG3</subfield>
      <subfield code="3">D7130/2007,12</subfield>
      <subfield code="b">2007</subfield>
      <subfield code="c">12</subfield>
      <subfield code="h">2007, Dez.</subfield>
    </datafield>
    <datafield ind1="-" ind2="2" tag="Z30">
      <subfield code="1">XAW1</subfield>
      <subfield code="2">MAG3</subfield>
      <subfield code="3">D7130/2007,2</subfield>
      <subfield code="b">2007</subfield>
      <subfield code="c">2</subfield>
      <subfield code="h">2007,Feb.</subfield>
    </datafield>
    <datafield ind1="-" ind2="2" tag="Z30">
      <subfield code="1">XAW1</subfield>
      <subfield code="2">MAG3</subfield>
      <subfield code="3">D7130/2007,3</subfield>
      <subfield code="b">2007</subfield>
      <subfield code="c">3</subfield>
      <subfield code="h">2007,M&#xE4;rz</subfield>
    </datafield>
    <datafield ind1="-" ind2="2" tag="Z30">
      <subfield code="1">XAW1</subfield>
      <subfield code="2">MAG3</subfield>
      <subfield code="3">D7130/2007,4</subfield>
      <subfield code="b">2007</subfield>
      <subfield code="c">4</subfield>
      <subfield code="h">2007,Apr.</subfield>
    </datafield>
    <datafield ind1="-" ind2="2" tag="Z30">
      <subfield code="1">XAW1</subfield>
      <subfield code="2">MAG3</subfield>
      <subfield code="3">D7130/2007,5</subfield>
      <subfield code="b">2007</subfield>
      <subfield code="c">5</subfield>
      <subfield code="h">2007,Mai</subfield>
    </datafield>
    <datafield ind1="-" ind2="2" tag="Z30">
      <subfield code="1">XAW1</subfield>
      <subfield code="2">MAG3</subfield>
      <subfield code="3">D7130/2007,6</subfield>
      <subfield code="b">2007</subfield>
      <subfield code="c">6</subfield>
      <subfield code="h">2007, Juni</subfield>
    </datafield>
    <datafield ind1="-" ind2="2" tag="Z30">
      <subfield code="1">XAW1</subfield>
      <subfield code="2">MAG3</subfield>
      <subfield code="3">D7130/2007,7</subfield>
      <subfield code="b">2007</subfield>
      <subfield code="c">7</subfield>
      <subfield code="h">2007, Juli</subfield>
    </datafield>
    <datafield ind1="-" ind2="2" tag="Z30">
      <subfield code="1">XAW1</subfield>
      <subfield code="2">MAG3</subfield>
      <subfield code="3">D7130/2007,8</subfield>
      <subfield code="b">2007</subfield>
      <subfield code="c">8</subfield>
      <subfield code="h">2007, Aug.</subfield>
    </datafield>
    <datafield ind1="-" ind2="2" tag="Z30">
      <subfield code="1">XAW1</subfield>
      <subfield code="2">MAG3</subfield>
      <subfield code="3">D7130/2007,9</subfield>
      <subfield code="b">2007</subfield>
      <subfield code="c">9</subfield>
      <subfield code="h">2007, Sept.</subfield>
    </datafield>
    <datafield ind1="-" ind2="2" tag="Z30">
      <subfield code="1">XAW1</subfield>
      <subfield code="2">MAG3</subfield>
      <subfield code="3">D7130/2008,1</subfield>
      <subfield code="b">2008</subfield>
      <subfield code="c">1</subfield>
      <subfield code="h">2008, Jan.</subfield>
    </datafield>
    <datafield ind1="-" ind2="2" tag="Z30">
      <subfield code="1">XAW1</subfield>
      <subfield code="2">MAG3</subfield>
      <subfield code="3">D7130/2008,10</subfield>
      <subfield code="b">2008</subfield>
      <subfield code="c">10</subfield>
      <subfield code="h">2008,Okt.</subfield>
    </datafield>
    <datafield ind1="-" ind2="2" tag="Z30">
      <subfield code="1">XAW1</subfield>
      <subfield code="2">MAG3</subfield>
      <subfield code="3">D7130/2008,11</subfield>
      <subfield code="b">2008</subfield>
      <subfield code="c">11</subfield>
      <subfield code="h">2008,Nov.</subfield>
    </datafield>
    <datafield ind1="-" ind2="2" tag="Z30">
      <subfield code="1">XAW1</subfield>
      <subfield code="2">MAG3</subfield>
      <subfield code="3">D7130/2008,12</subfield>
      <subfield code="b">2008</subfield>
      <subfield code="c">12</subfield>
      <subfield code="h">2008,Dez.</subfield>
    </datafield>
    <datafield ind1="-" ind2="2" tag="Z30">
      <subfield code="1">XAW1</subfield>
      <subfield code="2">MAG3</subfield>
      <subfield code="3">D7130/2008,2</subfield>
      <subfield code="b">2008</subfield>
      <subfield code="c">2</subfield>
      <subfield code="h">2008, Feb.</subfield>
    </datafield>
    <datafield ind1="-" ind2="2" tag="Z30">
      <subfield code="1">XAW1</subfield>
      <subfield code="2">MAG3</subfield>
      <subfield code="3">D7130/2008,3</subfield>
      <subfield code="b">2008</subfield>
      <subfield code="c">3</subfield>
      <subfield code="h">2008, M&#xE4;rz</subfield>
    </datafield>
    <datafield ind1="-" ind2="2" tag="Z30">
      <subfield code="1">XAW1</subfield>
      <subfield code="2">MAG3</subfield>
      <subfield code="3">D7130/2008,4</subfield>
      <subfield code="b">2008</subfield>
      <subfield code="c">4</subfield>
      <subfield code="h">2008, Apr.</subfield>
    </datafield>
    <datafield ind1="-" ind2="2" tag="Z30">
      <subfield code="1">XAW1</subfield>
      <subfield code="2">MAG3</subfield>
      <subfield code="3">D7130/2008,5</subfield>
      <subfield code="b">2008</subfield>
      <subfield code="c">5</subfield>
      <subfield code="h">2008, Mai</subfield>
    </datafield>
    <datafield ind1="-" ind2="2" tag="Z30">
      <subfield code="1">XAW1</subfield>
      <subfield code="2">MAG3</subfield>
      <subfield code="3">D7130/2008,6</subfield>
      <subfield code="b">2008</subfield>
      <subfield code="c">6</subfield>
      <subfield code="h">2008,Juni</subfield>
    </datafield>
    <datafield ind1="-" ind2="2" tag="Z30">
      <subfield code="1">XAW1</subfield>
      <subfield code="2">MAG3</subfield>
      <subfield code="3">D7130/2008,7</subfield>
      <subfield code="b">2008</subfield>
      <subfield code="c">7</subfield>
      <subfield code="h">2008,Juli</subfield>
    </datafield>
    <datafield ind1="-" ind2="2" tag="Z30">
      <subfield code="1">XAW1</subfield>
      <subfield code="2">MAG3</subfield>
      <subfield code="3">D7130/2008,8</subfield>
      <subfield code="b">2008</subfield>
      <subfield code="c">8</subfield>
      <subfield code="h">2008,Aug.</subfield>
      <subfield code="i">20081031</subfield>
    </datafield>
    <datafield ind1="-" ind2="2" tag="Z30">
      <subfield code="1">XAW1</subfield>
      <subfield code="2">MAG3</subfield>
      <subfield code="3">D7130/2008,9</subfield>
      <subfield code="b">2008</subfield>
      <subfield code="c">9</subfield>
      <subfield code="h">2008,Sept.</subfield>
    </datafield>
    <datafield ind1="-" ind2="2" tag="Z30">
      <subfield code="1">XAW1</subfield>
      <subfield code="2">MAG3</subfield>
      <subfield code="3">D7130/2009</subfield>
      <subfield code="b">2009</subfield>
      <subfield code="c">1</subfield>
      <subfield code="h">2009, Jan.</subfield>
    </datafield>
    <datafield ind1="-" ind2="2" tag="Z30">
      <subfield code="1">XAW1</subfield>
      <subfield code="2">MAG3</subfield>
      <subfield code="3">D7130/2009,10</subfield>
      <subfield code="b">2009</subfield>
      <subfield code="c">10</subfield>
      <subfield code="h">2009,Okt.</subfield>
    </datafield>
    <datafield ind1="-" ind2="2" tag="Z30">
      <subfield code="1">XAW1</subfield>
      <subfield code="2">MAG3</subfield>
      <subfield code="3">D7130/2009,11</subfield>
      <subfield code="b">2009</subfield>
      <subfield code="c">11</subfield>
      <subfield code="h">2009,Nov.</subfield>
    </datafield>
    <datafield ind1="-" ind2="2" tag="Z30">
      <subfield code="1">XAW1</subfield>
      <subfield code="2">MAG3</subfield>
      <subfield code="3">D7130/2009,12</subfield>
      <subfield code="b">2009</subfield>
      <subfield code="c">12</subfield>
      <subfield code="h">2009,Dez.</subfield>
    </datafield>
    <datafield ind1="-" ind2="2" tag="Z30">
      <subfield code="1">XAW1</subfield>
      <subfield code="2">MAG3</subfield>
      <subfield code="3">D7130/2009,2</subfield>
      <subfield code="b">2009</subfield>
      <subfield code="c">2</subfield>
      <subfield code="h">2009, Feb.</subfield>
    </datafield>
    <datafield ind1="-" ind2="2" tag="Z30">
      <subfield code="1">XAW1</subfield>
      <subfield code="2">MAG3</subfield>
      <subfield code="3">D7130/2009,3</subfield>
      <subfield code="b">2009</subfield>
      <subfield code="c">3</subfield>
      <subfield code="h">2009, M&#xE4;rz</subfield>
    </datafield>
    <datafield ind1="-" ind2="2" tag="Z30">
      <subfield code="1">XAW1</subfield>
      <subfield code="2">MAG3</subfield>
      <subfield code="3">D7130/2009,4</subfield>
      <subfield code="b">2009</subfield>
      <subfield code="c">4</subfield>
      <subfield code="h">2009, Apr.</subfield>
    </datafield>
    <datafield ind1="-" ind2="2" tag="Z30">
      <subfield code="1">XAW1</subfield>
      <subfield code="2">MAG3</subfield>
      <subfield code="3">D7130/2009,5</subfield>
      <subfield code="b">2009</subfield>
      <subfield code="c">5</subfield>
      <subfield code="h">2009, Mai</subfield>
    </datafield>
    <datafield ind1="-" ind2="2" tag="Z30">
      <subfield code="1">XAW1</subfield>
      <subfield code="2">MAG3</subfield>
      <subfield code="3">D7130/2009,6</subfield>
      <subfield code="b">2009</subfield>
      <subfield code="c">6</subfield>
      <subfield code="h">2009, Juni</subfield>
    </datafield>
    <datafield ind1="-" ind2="2" tag="Z30">
      <subfield code="1">XAW1</subfield>
      <subfield code="2">MAG3</subfield>
      <subfield code="3">D7130/2009,7</subfield>
      <subfield code="b">2009</subfield>
      <subfield code="c">7</subfield>
      <subfield code="h">2009,Juli</subfield>
    </datafield>
    <datafield ind1="-" ind2="2" tag="Z30">
      <subfield code="1">XAW1</subfield>
      <subfield code="2">MAG3</subfield>
      <subfield code="3">D7130/2009,8</subfield>
      <subfield code="b">2009</subfield>
      <subfield code="c">8</subfield>
      <subfield code="h">2009,Aug.</subfield>
    </datafield>
    <datafield ind1="-" ind2="2" tag="Z30">
      <subfield code="1">XAW1</subfield>
      <subfield code="2">MAG3</subfield>
      <subfield code="3">D7130/2009,9</subfield>
      <subfield code="b">2009</subfield>
      <subfield code="c">9</subfield>
      <subfield code="h">2009,Sept.</subfield>
    </datafield>
    <datafield ind1="-" ind2="2" tag="Z30">
      <subfield code="1">XAW1</subfield>
      <subfield code="2">MAG3</subfield>
      <subfield code="3">D7130/2010,1</subfield>
      <subfield code="b">2010</subfield>
      <subfield code="c">1</subfield>
      <subfield code="h">2010, Jan.</subfield>
    </datafield>
    <datafield ind1="-" ind2="2" tag="Z30">
      <subfield code="1">XAW1</subfield>
      <subfield code="2">MAG3</subfield>
      <subfield code="3">D7130/2010,10</subfield>
      <subfield code="b">2010</subfield>
      <subfield code="c">10</subfield>
      <subfield code="h">2010, Okt.</subfield>
    </datafield>
    <datafield ind1="-" ind2="2" tag="Z30">
      <subfield code="1">XAW1</subfield>
      <subfield code="2">MAG3</subfield>
      <subfield code="3">D7130/2010,11</subfield>
      <subfield code="b">2010</subfield>
      <subfield code="c">11</subfield>
      <subfield code="h">2010, Nov.</subfield>
    </datafield>
    <datafield ind1="-" ind2="2" tag="Z30">
      <subfield code="1">XAW1</subfield>
      <subfield code="2">MAG3</subfield>
      <subfield code="3">D7130/2010,12</subfield>
      <subfield code="b">2010</subfield>
      <subfield code="c">12</subfield>
      <subfield code="h">2010, Dez.</subfield>
    </datafield>
    <datafield ind1="-" ind2="2" tag="Z30">
      <subfield code="1">XAW1</subfield>
      <subfield code="2">MAG3</subfield>
      <subfield code="3">D7130/2010,2</subfield>
      <subfield code="b">2010</subfield>
      <subfield code="c">2</subfield>
      <subfield code="h">2010, Febr.</subfield>
    </datafield>
    <datafield ind1="-" ind2="2" tag="Z30">
      <subfield code="1">XAW1</subfield>
      <subfield code="2">MAG3</subfield>
      <subfield code="3">D7130/2010,3</subfield>
      <subfield code="b">2010</subfield>
      <subfield code="c">3</subfield>
      <subfield code="h">2010, M&#xE4;rz</subfield>
    </datafield>
    <datafield ind1="-" ind2="2" tag="Z30">
      <subfield code="1">XAW1</subfield>
      <subfield code="2">MAG3</subfield>
      <subfield code="3">D7130/2010,4</subfield>
      <subfield code="b">2010</subfield>
      <subfield code="c">4</subfield>
      <subfield code="h">2010, Apr.</subfield>
    </datafield>
    <datafield ind1="-" ind2="2" tag="Z30">
      <subfield code="1">XAW1</subfield>
      <subfield code="2">MAG3</subfield>
      <subfield code="3">D7130/2010,5</subfield>
      <subfield code="b">2010</subfield>
      <subfield code="c">5</subfield>
      <subfield code="h">2010, Mai</subfield>
    </datafield>
    <datafield ind1="-" ind2="2" tag="Z30">
      <subfield code="1">XAW1</subfield>
      <subfield code="2">MAG3</subfield>
      <subfield code="3">D7130/2010,6</subfield>
      <subfield code="b">2010</subfield>
      <subfield code="c">6</subfield>
      <subfield code="h">2010, Juni</subfield>
    </datafield>
    <datafield ind1="-" ind2="2" tag="Z30">
      <subfield code="1">XAW1</subfield>
      <subfield code="2">MAG3</subfield>
      <subfield code="3">D7130/2010,7</subfield>
      <subfield code="b">2010</subfield>
      <subfield code="c">7</subfield>
      <subfield code="h">2010, Juli</subfield>
    </datafield>
    <datafield ind1="-" ind2="2" tag="Z30">
      <subfield code="1">XAW1</subfield>
      <subfield code="2">MAG3</subfield>
      <subfield code="3">D7130/2010,8</subfield>
      <subfield code="b">2010</subfield>
      <subfield code="c">8</subfield>
      <subfield code="h">2010, Aug.</subfield>
    </datafield>
    <datafield ind1="-" ind2="2" tag="Z30">
      <subfield code="1">XAW1</subfield>
      <subfield code="2">MAG3</subfield>
      <subfield code="3">D7130/2010,9</subfield>
      <subfield code="b">2010</subfield>
      <subfield code="c">9</subfield>
      <subfield code="h">2010, Sept.</subfield>
    </datafield>
    <datafield ind1="-" ind2="2" tag="Z30">
      <subfield code="1">XAW1</subfield>
      <subfield code="2">MAG3</subfield>
      <subfield code="3">D7130/2011,1</subfield>
      <subfield code="b">2011</subfield>
      <subfield code="c">1</subfield>
      <subfield code="h">2011, Jan.</subfield>
    </datafield>
    <datafield ind1="-" ind2="2" tag="Z30">
      <subfield code="1">XAW1</subfield>
      <subfield code="2">MAG3</subfield>
      <subfield code="3">D7130/2011,10</subfield>
      <subfield code="b">2011</subfield>
      <subfield code="c">10</subfield>
      <subfield code="h">2011, Okt.</subfield>
      <subfield code="i">00110000</subfield>
    </datafield>
    <datafield ind1="-" ind2="2" tag="Z30">
      <subfield code="1">XAW1</subfield>
      <subfield code="2">MAG3</subfield>
      <subfield code="3">D7130/2011,11</subfield>
      <subfield code="b">2011</subfield>
      <subfield code="c">11</subfield>
      <subfield code="h">2011, Nov.</subfield>
    </datafield>
    <datafield ind1="-" ind2="2" tag="Z30">
      <subfield code="1">XAW1</subfield>
      <subfield code="2">MAG3</subfield>
      <subfield code="3">D7130/2011,12</subfield>
      <subfield code="b">2011</subfield>
      <subfield code="c">12</subfield>
      <subfield code="h">2011, Dez.</subfield>
    </datafield>
    <datafield ind1="-" ind2="2" tag="Z30">
      <subfield code="1">XAW1</subfield>
      <subfield code="2">MAG3</subfield>
      <subfield code="3">D7130/2011,2</subfield>
      <subfield code="b">2011</subfield>
      <subfield code="c">2</subfield>
      <subfield code="h">2011, Feb.</subfield>
    </datafield>
    <datafield ind1="-" ind2="2" tag="Z30">
      <subfield code="1">XAW1</subfield>
      <subfield code="2">MAG3</subfield>
      <subfield code="3">D7130/2011,3</subfield>
      <subfield code="b">2011</subfield>
      <subfield code="c">3</subfield>
      <subfield code="h">2011, M&#xE4;rz</subfield>
    </datafield>
    <datafield ind1="-" ind2="2" tag="Z30">
      <subfield code="1">XAW1</subfield>
      <subfield code="2">MAG3</subfield>
      <subfield code="3">D7130/2011,4</subfield>
      <subfield code="b">2011</subfield>
      <subfield code="c">4</subfield>
      <subfield code="h">2011, Apr.</subfield>
    </datafield>
    <datafield ind1="-" ind2="2" tag="Z30">
      <subfield code="1">XAW1</subfield>
      <subfield code="2">MAG3</subfield>
      <subfield code="3">D7130/2011,5</subfield>
      <subfield code="b">2011</subfield>
      <subfield code="c">5</subfield>
      <subfield code="h">2011, Mai</subfield>
    </datafield>
    <datafield ind1="-" ind2="2" tag="Z30">
      <subfield code="1">XAW1</subfield>
      <subfield code="2">MAG3</subfield>
      <subfield code="3">D7130/2011,6</subfield>
      <subfield code="b">2011</subfield>
      <subfield code="c">6</subfield>
      <subfield code="h">2011, Juni</subfield>
    </datafield>
    <datafield ind1="-" ind2="2" tag="Z30">
      <subfield code="1">XAW1</subfield>
      <subfield code="2">MAG3</subfield>
      <subfield code="3">D7130/2011,7</subfield>
      <subfield code="b">2011</subfield>
      <subfield code="c">7</subfield>
      <subfield code="h">2011, Juli</subfield>
    </datafield>
    <datafield ind1="-" ind2="2" tag="Z30">
      <subfield code="1">XAW1</subfield>
      <subfield code="2">MAG3</subfield>
      <subfield code="3">D7130/2011,8</subfield>
      <subfield code="b">2011</subfield>
      <subfield code="c">8</subfield>
      <subfield code="h">2011, Aug.</subfield>
    </datafield>
    <datafield ind1="-" ind2="2" tag="Z30">
      <subfield code="1">XAW1</subfield>
      <subfield code="2">MAG3</subfield>
      <subfield code="3">D7130/2011,9</subfield>
      <subfield code="b">2011</subfield>
      <subfield code="c">9</subfield>
      <subfield code="h">2011, Sept.</subfield>
    </datafield>
    <datafield ind1="-" ind2="2" tag="Z30">
      <subfield code="1">XAW1</subfield>
      <subfield code="2">MAG3</subfield>
      <subfield code="3">D7130/2012,1</subfield>
      <subfield code="b">2012</subfield>
      <subfield code="c">1</subfield>
      <subfield code="h">2012, J&#xE4;n.</subfield>
    </datafield>
    <datafield ind1="-" ind2="2" tag="Z30">
      <subfield code="1">XAW1</subfield>
      <subfield code="2">MAG3</subfield>
      <subfield code="3">D7130/2012,10</subfield>
      <subfield code="b">2012</subfield>
      <subfield code="c">10</subfield>
      <subfield code="h">2012,Okt.</subfield>
    </datafield>
    <datafield ind1="-" ind2="2" tag="Z30">
      <subfield code="1">XAW1</subfield>
      <subfield code="2">MAG3</subfield>
      <subfield code="3">D7130/2012,11</subfield>
      <subfield code="b">2012</subfield>
      <subfield code="c">11</subfield>
      <subfield code="h">2012,Nov.</subfield>
    </datafield>
    <datafield ind1="-" ind2="2" tag="Z30">
      <subfield code="1">XAW1</subfield>
      <subfield code="2">MAG3</subfield>
      <subfield code="3">D7130/2012,12</subfield>
      <subfield code="b">2012</subfield>
      <subfield code="c">12</subfield>
      <subfield code="h">2012,Dez.</subfield>
    </datafield>
    <datafield ind1="-" ind2="2" tag="Z30">
      <subfield code="1">XAW1</subfield>
      <subfield code="2">MAG3</subfield>
      <subfield code="3">D7130/2012,2</subfield>
      <subfield code="b">2012</subfield>
      <subfield code="c">2</subfield>
      <subfield code="h">2012, Feb.</subfield>
    </datafield>
    <datafield ind1="-" ind2="2" tag="Z30">
      <subfield code="1">XAW1</subfield>
      <subfield code="2">MAG3</subfield>
      <subfield code="3">D7130/2012,3</subfield>
      <subfield code="b">2012</subfield>
      <subfield code="c">3</subfield>
      <subfield code="h">2012, M&#xE4;rz</subfield>
    </datafield>
    <datafield ind1="-" ind2="2" tag="Z30">
      <subfield code="1">XAW1</subfield>
      <subfield code="2">MAG3</subfield>
      <subfield code="3">D7130/2012,4</subfield>
      <subfield code="b">2012</subfield>
      <subfield code="c">4</subfield>
      <subfield code="h">2012, April</subfield>
    </datafield>
    <datafield ind1="-" ind2="2" tag="Z30">
      <subfield code="1">XAW1</subfield>
      <subfield code="2">MAG3</subfield>
      <subfield code="3">D7130/2012,5</subfield>
      <subfield code="b">2012</subfield>
      <subfield code="c">5</subfield>
      <subfield code="h">2012, Mai</subfield>
    </datafield>
    <datafield ind1="-" ind2="2" tag="Z30">
      <subfield code="1">XAW1</subfield>
      <subfield code="2">MAG3</subfield>
      <subfield code="3">D7130/2012,6</subfield>
      <subfield code="b">2012</subfield>
      <subfield code="c">6</subfield>
      <subfield code="h">2012, Juni</subfield>
    </datafield>
    <datafield ind1="-" ind2="2" tag="Z30">
      <subfield code="1">XAW1</subfield>
      <subfield code="2">MAG3</subfield>
      <subfield code="3">D7130/2012,7</subfield>
      <subfield code="b">2012</subfield>
      <subfield code="c">7</subfield>
      <subfield code="h">2012, Juli</subfield>
    </datafield>
    <datafield ind1="-" ind2="2" tag="Z30">
      <subfield code="1">XAW1</subfield>
      <subfield code="2">MAG3</subfield>
      <subfield code="3">D7130/2012,8</subfield>
      <subfield code="b">2012</subfield>
      <subfield code="c">8</subfield>
      <subfield code="h">2012,Aug.</subfield>
    </datafield>
    <datafield ind1="-" ind2="2" tag="Z30">
      <subfield code="1">XAW1</subfield>
      <subfield code="2">MAG3</subfield>
      <subfield code="3">D7130/2012,9</subfield>
      <subfield code="b">2012</subfield>
      <subfield code="c">9</subfield>
      <subfield code="h">2012,Sept.</subfield>
    </datafield>
    <datafield ind1="-" ind2="2" tag="Z30">
      <subfield code="1">XAW1</subfield>
      <subfield code="2">MAG3</subfield>
      <subfield code="3">D7130/2013,1</subfield>
      <subfield code="b">2013</subfield>
      <subfield code="c">1</subfield>
      <subfield code="h">2013,J&#xE4;n.</subfield>
    </datafield>
    <datafield ind1="-" ind2="2" tag="Z30">
      <subfield code="1">XAW1</subfield>
      <subfield code="2">MAG3</subfield>
      <subfield code="3">D7130/2013,10</subfield>
      <subfield code="b">2013</subfield>
      <subfield code="c">10</subfield>
      <subfield code="h">2013,Okt.</subfield>
    </datafield>
    <datafield ind1="-" ind2="2" tag="Z30">
      <subfield code="1">XAW1</subfield>
      <subfield code="2">MAG3</subfield>
      <subfield code="3">D7130/2013,11</subfield>
      <subfield code="b">2013</subfield>
      <subfield code="c">11</subfield>
      <subfield code="h">2013,Nov.</subfield>
    </datafield>
    <datafield ind1="-" ind2="2" tag="Z30">
      <subfield code="1">XAW1</subfield>
      <subfield code="2">MAG3</subfield>
      <subfield code="3">D7130/2013,12</subfield>
      <subfield code="b">2013</subfield>
      <subfield code="c">12</subfield>
      <subfield code="h">2013,Dez.</subfield>
    </datafield>
    <datafield ind1="-" ind2="2" tag="Z30">
      <subfield code="1">XAW1</subfield>
      <subfield code="2">MAG3</subfield>
      <subfield code="3">D7130/2013,2</subfield>
      <subfield code="b">2013</subfield>
      <subfield code="c">2</subfield>
      <subfield code="h">2013,Feb.</subfield>
    </datafield>
    <datafield ind1="-" ind2="2" tag="Z30">
      <subfield code="1">XAW1</subfield>
      <subfield code="2">MAG3</subfield>
      <subfield code="3">D7130/2013,3</subfield>
      <subfield code="b">2013</subfield>
      <subfield code="c">3</subfield>
      <subfield code="h">2013,M&#xE4;rz</subfield>
    </datafield>
    <datafield ind1="-" ind2="2" tag="Z30">
      <subfield code="1">XAW1</subfield>
      <subfield code="2">MAG3</subfield>
      <subfield code="3">D7130/2013,4</subfield>
      <subfield code="b">2013</subfield>
      <subfield code="c">4</subfield>
      <subfield code="h">2013,April</subfield>
      <subfield code="i">20130813</subfield>
    </datafield>
    <datafield ind1="-" ind2="2" tag="Z30">
      <subfield code="1">XAW1</subfield>
      <subfield code="2">MAG3</subfield>
      <subfield code="3">D7130/2013,5</subfield>
      <subfield code="b">2013</subfield>
      <subfield code="c">5</subfield>
      <subfield code="h">2013,Mai</subfield>
      <subfield code="i">20130813</subfield>
    </datafield>
    <datafield ind1="-" ind2="2" tag="Z30">
      <subfield code="1">XAW1</subfield>
      <subfield code="2">MAG3</subfield>
      <subfield code="3">D7130/2013,6</subfield>
      <subfield code="b">2013</subfield>
      <subfield code="c">6</subfield>
      <subfield code="h">2013,Juni</subfield>
    </datafield>
    <datafield ind1="-" ind2="2" tag="Z30">
      <subfield code="1">XAW1</subfield>
      <subfield code="2">MAG3</subfield>
      <subfield code="3">D7130/2013,7</subfield>
      <subfield code="b">2013</subfield>
      <subfield code="c">7</subfield>
      <subfield code="h">2013,Juli</subfield>
    </datafield>
    <datafield ind1="-" ind2="2" tag="Z30">
      <subfield code="1">XAW1</subfield>
      <subfield code="2">MAG3</subfield>
      <subfield code="3">D7130/2013,8</subfield>
      <subfield code="b">2013</subfield>
      <subfield code="c">8</subfield>
      <subfield code="h">2013,Aug.</subfield>
    </datafield>
    <datafield ind1="-" ind2="2" tag="Z30">
      <subfield code="1">XAW1</subfield>
      <subfield code="2">MAG3</subfield>
      <subfield code="3">D7130/2013,9</subfield>
      <subfield code="b">2013</subfield>
      <subfield code="c">9</subfield>
      <subfield code="h">2013,Sept.</subfield>
    </datafield>
    <datafield ind1="-" ind2="2" tag="Z30">
      <subfield code="1">XAW1</subfield>
      <subfield code="2">MAG3</subfield>
      <subfield code="3">D7130/2014,1</subfield>
      <subfield code="b">2014</subfield>
      <subfield code="c">1</subfield>
      <subfield code="h">2014,J&#xE4;n.</subfield>
    </datafield>
    <datafield ind1="-" ind2="2" tag="Z30">
      <subfield code="1">XAW1</subfield>
      <subfield code="2">MAG3</subfield>
      <subfield code="3">D7130/2014,10</subfield>
      <subfield code="b">2014</subfield>
      <subfield code="c">10</subfield>
      <subfield code="h">2014,Okt.</subfield>
      <subfield code="i">20140704</subfield>
    </datafield>
    <datafield ind1="-" ind2="2" tag="Z30">
      <subfield code="1">XAW1</subfield>
      <subfield code="2">MAG3</subfield>
      <subfield code="3">D7130/2014,11</subfield>
      <subfield code="b">2014</subfield>
      <subfield code="c">11</subfield>
      <subfield code="h">2014,Nov.</subfield>
      <subfield code="i">20140704</subfield>
    </datafield>
    <datafield ind1="-" ind2="2" tag="Z30">
      <subfield code="1">XAW1</subfield>
      <subfield code="2">MAG3</subfield>
      <subfield code="3">D7130/2014,12</subfield>
      <subfield code="b">2014</subfield>
      <subfield code="c">12</subfield>
      <subfield code="h">2014,Dez.</subfield>
      <subfield code="i">20140704</subfield>
    </datafield>
    <datafield ind1="-" ind2="2" tag="Z30">
      <subfield code="1">XAW1</subfield>
      <subfield code="2">MAG3</subfield>
      <subfield code="3">D7130/2014,2</subfield>
      <subfield code="b">2014</subfield>
      <subfield code="c">2</subfield>
      <subfield code="h">2014,Feb.</subfield>
    </datafield>
    <datafield ind1="-" ind2="2" tag="Z30">
      <subfield code="1">XAW1</subfield>
      <subfield code="2">MAG3</subfield>
      <subfield code="3">D7130/2014,3</subfield>
      <subfield code="b">2014</subfield>
      <subfield code="c">3</subfield>
      <subfield code="h">2014,M&#xE4;rz</subfield>
      <subfield code="i">20140704</subfield>
    </datafield>
    <datafield ind1="-" ind2="2" tag="Z30">
      <subfield code="1">XAW1</subfield>
      <subfield code="2">MAG3</subfield>
      <subfield code="3">D7130/2014,4</subfield>
      <subfield code="b">2014</subfield>
      <subfield code="c">4</subfield>
      <subfield code="h">2014,April</subfield>
      <subfield code="i">20140704</subfield>
    </datafield>
    <datafield ind1="-" ind2="2" tag="Z30">
      <subfield code="1">XAW1</subfield>
      <subfield code="2">MAG3</subfield>
      <subfield code="3">D7130/2014,5</subfield>
      <subfield code="b">2014</subfield>
      <subfield code="c">5</subfield>
      <subfield code="h">2014,Mai</subfield>
      <subfield code="i">20140704</subfield>
    </datafield>
    <datafield ind1="-" ind2="2" tag="Z30">
      <subfield code="1">XAW1</subfield>
      <subfield code="2">MAG3</subfield>
      <subfield code="3">D7130/2014,6</subfield>
      <subfield code="b">2014</subfield>
      <subfield code="c">6</subfield>
      <subfield code="h">2014,Juni</subfield>
      <subfield code="i">20140704</subfield>
    </datafield>
    <datafield ind1="-" ind2="2" tag="Z30">
      <subfield code="1">XAW1</subfield>
      <subfield code="2">MAG3</subfield>
      <subfield code="3">D7130/2014,7</subfield>
      <subfield code="b">2014</subfield>
      <subfield code="c">7</subfield>
      <subfield code="h">2014,Juli</subfield>
      <subfield code="i">20140704</subfield>
    </datafield>
    <datafield ind1="-" ind2="2" tag="Z30">
      <subfield code="1">XAW1</subfield>
      <subfield code="2">MAG3</subfield>
      <subfield code="3">D7130/2014,8</subfield>
      <subfield code="b">2014</subfield>
      <subfield code="c">8</subfield>
      <subfield code="h">2014,Aug.</subfield>
      <subfield code="i">20140704</subfield>
    </datafield>
    <datafield ind1="-" ind2="2" tag="Z30">
      <subfield code="1">XAW1</subfield>
      <subfield code="2">MAG3</subfield>
      <subfield code="3">D7130/2014,9</subfield>
      <subfield code="b">2014</subfield>
      <subfield code="c">9</subfield>
      <subfield code="h">2014,Sept.</subfield>
      <subfield code="i">20140704</subfield>
    </datafield>
    <datafield ind1="-" ind2="2" tag="Z30">
      <subfield code="1">XAW1</subfield>
      <subfield code="2">MAG3</subfield>
      <subfield code="3">D7130/2015,1</subfield>
      <subfield code="b">2015</subfield>
      <subfield code="c">1</subfield>
      <subfield code="h">2015,J&#xE4;n.</subfield>
      <subfield code="i">20150518</subfield>
    </datafield>
    <datafield ind1="-" ind2="2" tag="Z30">
      <subfield code="1">XAW1</subfield>
      <subfield code="2">MAG3</subfield>
      <subfield code="3">D7130/2015,10</subfield>
      <subfield code="b">2015</subfield>
      <subfield code="c">10</subfield>
      <subfield code="h">2015,Okt.</subfield>
      <subfield code="i">20150518</subfield>
    </datafield>
    <datafield ind1="-" ind2="2" tag="Z30">
      <subfield code="1">XAW1</subfield>
      <subfield code="2">MAG3</subfield>
      <subfield code="3">D7130/2015,11</subfield>
      <subfield code="b">2015</subfield>
      <subfield code="c">11</subfield>
      <subfield code="h">2015,Nov.</subfield>
      <subfield code="i">20150518</subfield>
    </datafield>
    <datafield ind1="-" ind2="2" tag="Z30">
      <subfield code="1">XAW1</subfield>
      <subfield code="2">MAG3</subfield>
      <subfield code="3">D7130/2015,12</subfield>
      <subfield code="b">2015</subfield>
      <subfield code="c">12</subfield>
      <subfield code="h">2015,Dez.</subfield>
      <subfield code="i">20150518</subfield>
    </datafield>
    <datafield ind1="-" ind2="2" tag="Z30">
      <subfield code="1">XAW1</subfield>
      <subfield code="2">MAG3</subfield>
      <subfield code="3">D7130/2015,2</subfield>
      <subfield code="b">2015</subfield>
      <subfield code="c">2</subfield>
      <subfield code="h">2015,Feb.</subfield>
      <subfield code="i">20150518</subfield>
    </datafield>
    <datafield ind1="-" ind2="2" tag="Z30">
      <subfield code="1">XAW1</subfield>
      <subfield code="2">MAG3</subfield>
      <subfield code="3">D7130/2015,3</subfield>
      <subfield code="b">2015</subfield>
      <subfield code="c">3</subfield>
      <subfield code="h">2015,M&#xE4;rz</subfield>
      <subfield code="i">20150518</subfield>
    </datafield>
    <datafield ind1="-" ind2="2" tag="Z30">
      <subfield code="1">XAW1</subfield>
      <subfield code="2">MAG3</subfield>
      <subfield code="3">D7130/2015,4</subfield>
      <subfield code="b">2015</subfield>
      <subfield code="c">4</subfield>
      <subfield code="h">2015,April</subfield>
      <subfield code="i">20150518</subfield>
    </datafield>
    <datafield ind1="-" ind2="2" tag="Z30">
      <subfield code="1">XAW1</subfield>
      <subfield code="2">MAG3</subfield>
      <subfield code="3">D7130/2015,5</subfield>
      <subfield code="b">2015</subfield>
      <subfield code="c">5</subfield>
      <subfield code="h">2015,Mai</subfield>
      <subfield code="i">20150518</subfield>
    </datafield>
    <datafield ind1="-" ind2="2" tag="Z30">
      <subfield code="1">XAW1</subfield>
      <subfield code="2">MAG3</subfield>
      <subfield code="3">D7130/2015,6</subfield>
      <subfield code="b">2015</subfield>
      <subfield code="c">6</subfield>
      <subfield code="h">2015,Juni</subfield>
      <subfield code="i">20150518</subfield>
    </datafield>
    <datafield ind1="-" ind2="2" tag="Z30">
      <subfield code="1">XAW1</subfield>
      <subfield code="2">MAG3</subfield>
      <subfield code="3">D7130/2015,7</subfield>
      <subfield code="b">2015</subfield>
      <subfield code="c">7</subfield>
      <subfield code="h">2015,Juli</subfield>
      <subfield code="i">20150518</subfield>
    </datafield>
    <datafield ind1="-" ind2="2" tag="Z30">
      <subfield code="1">XAW1</subfield>
      <subfield code="2">MAG3</subfield>
      <subfield code="3">D7130/2015,8</subfield>
      <subfield code="b">2015</subfield>
      <subfield code="c">8</subfield>
      <subfield code="h">2015,Aug.</subfield>
      <subfield code="i">20150518</subfield>
    </datafield>
    <datafield ind1="-" ind2="2" tag="Z30">
      <subfield code="1">XAW1</subfield>
      <subfield code="2">MAG3</subfield>
      <subfield code="3">D7130/2015,9</subfield>
      <subfield code="b">2015</subfield>
      <subfield code="c">9</subfield>
      <subfield code="h">2015,Sept.</subfield>
      <subfield code="i">20150518</subfield>
    </datafield>
    <datafield ind1="-" ind2="2" tag="Z30">
      <subfield code="1">XAW1</subfield>
      <subfield code="2">MAG3</subfield>
      <subfield code="3">D7130/2016,1</subfield>
      <subfield code="b">2016</subfield>
      <subfield code="c">1</subfield>
      <subfield code="h">2016,J&#xE4;n.</subfield>
      <subfield code="i">20150518</subfield>
    </datafield>
    <datafield ind1="-" ind2="2" tag="Z30">
      <subfield code="1">XAW1</subfield>
      <subfield code="2">MAG3</subfield>
      <subfield code="3">D7130/2016,2</subfield>
      <subfield code="b">2016</subfield>
      <subfield code="c">2</subfield>
      <subfield code="h">2016,Feb.</subfield>
      <subfield code="i">20150518</subfield>
    </datafield>
    <datafield ind1="-" ind2="2" tag="Z30">
      <subfield code="1">XAW1</subfield>
      <subfield code="2">MAG3</subfield>
      <subfield code="3">D7130/2016,3</subfield>
      <subfield code="b">2016</subfield>
      <subfield code="c">3</subfield>
      <subfield code="h">2016,M&#xE4;rz</subfield>
      <subfield code="i">20150518</subfield>
    </datafield>
    <datafield ind1="-" ind2="2" tag="Z30">
      <subfield code="1">XAW1</subfield>
      <subfield code="2">MAG3</subfield>
      <subfield code="3">D7130/2016,4</subfield>
      <subfield code="b">2016</subfield>
      <subfield code="c">4</subfield>
      <subfield code="h">2016,April</subfield>
      <subfield code="i">20150518</subfield>
    </datafield>
    <datafield ind1="-" ind2="2" tag="Z30">
      <subfield code="1">XAW1</subfield>
      <subfield code="2">MAG3</subfield>
      <subfield code="3">D7130/2016,5</subfield>
      <subfield code="b">2016</subfield>
      <subfield code="c">5</subfield>
      <subfield code="h">2016,Mai</subfield>
      <subfield code="i">20150518</subfield>
    </datafield>
    <datafield ind1="-" ind2="2" tag="Z30">
      <subfield code="1">XAW1</subfield>
      <subfield code="2">MAG3</subfield>
      <subfield code="3">D7130/2016,6</subfield>
      <subfield code="b">2016</subfield>
      <subfield code="c">6</subfield>
      <subfield code="h">2016,Juni</subfield>
      <subfield code="i">20150518</subfield>
    </datafield>
    <datafield ind1="-" ind2="2" tag="Z30">
      <subfield code="1">XAW1</subfield>
      <subfield code="2">MAG3</subfield>
      <subfield code="3">D7230/2000,12</subfield>
      <subfield code="b">2001</subfield>
      <subfield code="c">12</subfield>
      <subfield code="h">2001, Dez.</subfield>
    </datafield>
  </record>