
  <record>
    <leader>00553nM2.01000024------h</leader>
    <controlfield tag="LDR">00553nM2.01000024------h</controlfield>
    <controlfield tag="FMT">MH</controlfield>
    <datafield ind1="-" ind2="1" tag="001">
      <subfield code="a">AC01061771</subfield>
    </datafield>
    <datafield ind1="z" ind2="1" tag="025">
      <subfield code="a">ZDB-137266-x</subfield>
    </datafield>
    <controlfield tag="030">z|1dcr|||||37</controlfield>
    <datafield ind1="a" ind2="1" tag="036">
      <subfield code="a">AT</subfield>
    </datafield>
    <datafield ind1="b" ind2="1" tag="037">
      <subfield code="a">ger</subfield>
    </datafield>
    <controlfield tag="050">a|a|||||||||||</controlfield>
    <controlfield tag="052">z||||||fw||||||</controlfield>
    <datafield ind1="a" ind2="1" tag="076">
      <subfield code="a">UBI50</subfield>
    </datafield>
    <datafield ind1="a" ind2="1" tag="076">
      <subfield code="a">UBS50</subfield>
    </datafield>
    <datafield ind1="s" ind2="1" tag="076">
      <subfield code="a">01</subfield>
    </datafield>
    <datafield ind1="c" ind2="1" tag="078">
      <subfield code="a">wie</subfield>
    </datafield>
    <datafield ind1="b" ind2="1" tag="086">
      <subfield code="a">D848/SF</subfield>
    </datafield>
    <datafield ind1="c" ind2="1" tag="086">
      <subfield code="a">ZSabg</subfield>
    </datafield>
    <datafield ind1="b" ind2="1" tag="200">
      <subfield code="k">Verein zur F&#xF6;rderung der Freien B&#xFC;rgerlichen Presse in &#xD6;sterreich</subfield>
      <subfield code="9">(DE-588)1038675-0</subfield>
    </datafield>
    <datafield ind1="-" ind2="1" tag="331">
      <subfield code="a">Schaufenster</subfield>
    </datafield>
    <datafield ind1="-" ind2="1" tag="359">
      <subfield code="a">Verein zur F&#xF6;rderung der Freien B&#xFC;rgerlichen Presse &#xD6;sterreich</subfield>
    </datafield>
    <datafield ind1="-" ind2="1" tag="405">
      <subfield code="a">Nachgewiesen 1951 - 2005</subfield>
    </datafield>
    <datafield ind1="-" ind2="1" tag="410">
      <subfield code="a">Wien</subfield>
    </datafield>
    <datafield ind1="-" ind2="1" tag="412">
      <subfield code="a">Die Presse</subfield>
    </datafield>
    <datafield ind1="b" ind2="1" tag="425">
      <subfield code="a">1951</subfield>
    </datafield>
    <datafield ind1="c" ind2="1" tag="425">
      <subfield code="a">2005</subfield>
    </datafield>
    <datafield ind1="-" ind2="1" tag="507">
      <subfield code="a">Zusatz anfangs: Kultur, Unterhaltung, Radio, Fernsehen. - Zusatz teils: Kultur, Theater, Film, Unterhaltung, Freizeit, Radio, Fernsehen. - Zusatz teils: die Kulturwoche von ... bis ...</subfield>
    </datafield>
    <datafield ind1="-" ind2="1" tag="510">
      <subfield code="a">Ab 1979,4.Jan. auch als Mikrofiche-Ausg.</subfield>
    </datafield>
    <datafield ind1="-" ind2="1" tag="523">
      <subfield code="a">Erscheint w&#xF6;chentlich</subfield>
    </datafield>
    <datafield ind1="z" ind2="1" tag="530">
      <subfield code="p">Beil. zu</subfield>
      <subfield code="a">&lt;&lt;Die&gt;&gt; Presse &lt;Wien, 1848 -&gt;</subfield>
      <subfield code="9">AC00484398</subfield>
    </datafield>
    <datafield ind1="z" ind2="1" tag="530">
      <subfield code="p">Beil. zu</subfield>
      <subfield code="a">&lt;&lt;Die&gt;&gt; Presse &lt;Wien, 1946 -&gt; / Provinz-Ausgabe</subfield>
      <subfield code="9">AC02857506</subfield>
    </datafield>
    <datafield ind1="z" ind2="1" tag="533">
      <subfield code="p">Forts.</subfield>
      <subfield code="a">&lt;&lt;Die&gt;&gt; Presse / Schaufenster</subfield>
      <subfield code="9">AC05985867</subfield>
    </datafield>
    <datafield ind1="b" ind2="1" tag="673">
      <subfield code="a">Wien</subfield>
    </datafield>
    <datafield ind1="z" ind2="1" tag="700">
      <subfield code="a">130</subfield>
    </datafield>
    <datafield ind1="z" ind2="1" tag="700">
      <subfield code="a">100</subfield>
    </datafield>
    <datafield ind1="z" ind2="1" tag="700">
      <subfield code="a">981</subfield>
    </datafield>
    <datafield ind1="z" ind2="1" tag="700">
      <subfield code="a">z681</subfield>
    </datafield>
    <datafield ind1="z" ind2="1" tag="700">
      <subfield code="a">z989</subfield>
    </datafield>
    <datafield ind1="-" ind2="1" tag="902">
      <subfield code="s">Kultur</subfield>
      <subfield code="9">(DE-588)4125698-0</subfield>
    </datafield>
    <datafield ind1="-" ind2="1" tag="902">
      <subfield code="s">Unterhaltung</subfield>
      <subfield code="9">(DE-588)4186996-5</subfield>
    </datafield>
    <datafield ind1="-" ind2="1" tag="902">
      <subfield code="s">Freizeit</subfield>
      <subfield code="9">(DE-588)4018382-8</subfield>
    </datafield>
    <datafield ind1="-" ind2="1" tag="902">
      <subfield code="f">Zeitschrift</subfield>
    </datafield>
    <datafield ind1="-" ind2="1" tag="907">
      <subfield code="g">&#xD6;sterreich</subfield>
      <subfield code="9">(DE-588)4043271-3</subfield>
    </datafield>
    <datafield ind1="-" ind2="1" tag="907">
      <subfield code="s">Kultur</subfield>
      <subfield code="9">(DE-588)4125698-0</subfield>
    </datafield>
    <datafield ind1="-" ind2="1" tag="907">
      <subfield code="s">Veranstaltung</subfield>
      <subfield code="9">(DE-588)4125453-3</subfield>
    </datafield>
    <datafield ind1="-" ind2="1" tag="907">
      <subfield code="f">Verzeichnis</subfield>
    </datafield>
    <datafield ind1="-" ind2="1" tag="912">
      <subfield code="g">&#xD6;sterreich</subfield>
      <subfield code="9">(DE-588)4043271-3</subfield>
    </datafield>
    <datafield ind1="-" ind2="1" tag="912">
      <subfield code="s">Ausstellung</subfield>
      <subfield code="9">(DE-588)4129601-1</subfield>
    </datafield>
    <datafield ind1="-" ind2="1" tag="912">
      <subfield code="f">Verzeichnis</subfield>
    </datafield>
    <controlfield tag="SYS">000313158</controlfield>
    <datafield ind1=" " ind2="9" tag="071">
      <subfield code="a">AKW</subfield>
      <subfield code="2">XAW1</subfield>
    </datafield>
    <datafield ind1=" " ind2="9" tag="200">
      <subfield code="b">1.1951 - 2005</subfield>
      <subfield code="f">D848/SF</subfield>
      <subfield code="g">ZSabg</subfield>
      <subfield code="2">AKW</subfield>
    </datafield>
    <datafield ind1=" " ind2="9" tag="NTU">
      <subfield code="a">FSW-Bestand</subfield>
      <subfield code="2">XAW1</subfield>
    </datafield>
    <datafield ind1=" " ind2="9" tag="OWN">
      <subfield code="a">XAW1</subfield>
    </datafield>
    <datafield ind1=" " ind2=" " tag="SWD">
      <subfield code="9">(DE-588)35878-2</subfield>
    </datafield>
    <datafield ind1=" " ind2=" " tag="SWD">
      <subfield code="g">&lt;&lt;Die&gt;&gt; im Reichsrat vertretenen K&#xF6;nigreiche und L&#xE4;nder</subfield>
      <subfield code="h">&#xD6;sterreich</subfield>
      <subfield code="9">(DE-588)4043271-3</subfield>
    </datafield>
    <datafield ind1=" " ind2=" " tag="SWD">
      <subfield code="g">Zisleithanien</subfield>
      <subfield code="9">(DE-588)4043271-3</subfield>
    </datafield>
    <datafield ind1=" " ind2=" " tag="SWD">
      <subfield code="g">Cisleithanien</subfield>
      <subfield code="9">(DE-588)4043271-3</subfield>
    </datafield>
    <datafield ind1=" " ind2=" " tag="SWD">
      <subfield code="g">Habsburgermonarchie</subfield>
      <subfield code="9">(DE-588)4043271-3</subfield>
    </datafield>
    <datafield ind1=" " ind2=" " tag="SWD">
      <subfield code="g">Habsburgerreich</subfield>
      <subfield code="9">(DE-588)4043271-3</subfield>
    </datafield>
    <datafield ind1=" " ind2=" " tag="SWD">
      <subfield code="g">Austria</subfield>
      <subfield code="9">(DE-588)4043271-3</subfield>
    </datafield>
    <datafield ind1=" " ind2=" " tag="SWD">
      <subfield code="g">Republik &#xD6;sterreich</subfield>
      <subfield code="9">(DE-588)4043271-3</subfield>
    </datafield>
    <datafield ind1=" " ind2=" " tag="SWD">
      <subfield code="g">&#xD6;sterreich</subfield>
      <subfield code="h">Zweite Republik</subfield>
      <subfield code="9">(DE-588)4043271-3</subfield>
    </datafield>
    <datafield ind1=" " ind2=" " tag="SWD">
      <subfield code="g">Bundesstaat &#xD6;sterreich</subfield>
      <subfield code="9">(DE-588)4043271-3</subfield>
    </datafield>
    <datafield ind1=" " ind2=" " tag="SWD">
      <subfield code="g">&#xD6;sterreich</subfield>
      <subfield code="h">Erste Republik</subfield>
      <subfield code="9">(DE-588)4043271-3</subfield>
    </datafield>
    <datafield ind1=" " ind2=" " tag="SWD">
      <subfield code="g">Deutsch&#xF6;sterreich</subfield>
      <subfield code="9">(DE-588)4043271-3</subfield>
    </datafield>
    <datafield ind1=" " ind2=" " tag="SWD">
      <subfield code="g">Staat Deutsch&#xF6;sterreich</subfield>
      <subfield code="9">(DE-588)4043271-3</subfield>
    </datafield>
    <datafield ind1=" " ind2=" " tag="SWD">
      <subfield code="g">Land &#xD6;sterreich</subfield>
      <subfield code="9">(DE-588)4043271-3</subfield>
    </datafield>
    <datafield ind1=" " ind2=" " tag="SWD">
      <subfield code="g">Kaisertum &#xD6;sterreich</subfield>
      <subfield code="9">(DE-588)4043271-3</subfield>
    </datafield>
    <datafield ind1=" " ind2=" " tag="SWD">
      <subfield code="g">Kaiserthum &#xD6;sterreich</subfield>
      <subfield code="9">(DE-588)4043271-3</subfield>
    </datafield>
    <datafield ind1=" " ind2=" " tag="SWD">
      <subfield code="g">&#xD6;sterreichische Monarchie</subfield>
      <subfield code="9">(DE-588)4043271-3</subfield>
    </datafield>
    <datafield ind1=" " ind2=" " tag="SWD">
      <subfield code="g">Ostmark</subfield>
      <subfield code="h">&#xD6;sterreich</subfield>
      <subfield code="9">(DE-588)4043271-3</subfield>
    </datafield>
    <datafield ind1=" " ind2=" " tag="SWD">
      <subfield code="g">Autriche</subfield>
      <subfield code="9">(DE-588)4043271-3</subfield>
    </datafield>
    <datafield ind1=" " ind2=" " tag="SWD">
      <subfield code="g">Austrya</subfield>
      <subfield code="9">(DE-588)4043271-3</subfield>
    </datafield>
    <datafield ind1=" " ind2=" " tag="SWD">
      <subfield code="g">Austrja</subfield>
      <subfield code="9">(DE-588)4043271-3</subfield>
    </datafield>
    <datafield ind1=" " ind2=" " tag="SWD">
      <subfield code="g">Ostmark</subfield>
      <subfield code="9">(DE-588)4043271-3</subfield>
    </datafield>
    <datafield ind1=" " ind2=" " tag="SWD">
      <subfield code="9">(DE-588)1085175685</subfield>
    </datafield>
    <datafield ind1=" " ind2=" " tag="SWD">
      <subfield code="9">(DE-588)1087268060</subfield>
    </datafield>
    <datafield ind1=" " ind2=" " tag="SWD">
      <subfield code="9">(DE-588)35878-2</subfield>
    </datafield>
    <datafield ind1=" " ind2=" " tag="SWD">
      <subfield code="g">&lt;&lt;Die&gt;&gt; im Reichsrat vertretenen K&#xF6;nigreiche und L&#xE4;nder</subfield>
      <subfield code="h">&#xD6;sterreich</subfield>
      <subfield code="9">(DE-588)4043271-3</subfield>
    </datafield>
    <datafield ind1=" " ind2=" " tag="SWD">
      <subfield code="g">Zisleithanien</subfield>
      <subfield code="9">(DE-588)4043271-3</subfield>
    </datafield>
    <datafield ind1=" " ind2=" " tag="SWD">
      <subfield code="g">Cisleithanien</subfield>
      <subfield code="9">(DE-588)4043271-3</subfield>
    </datafield>
    <datafield ind1=" " ind2=" " tag="SWD">
      <subfield code="g">Habsburgermonarchie</subfield>
      <subfield code="9">(DE-588)4043271-3</subfield>
    </datafield>
    <datafield ind1=" " ind2=" " tag="SWD">
      <subfield code="g">Habsburgerreich</subfield>
      <subfield code="9">(DE-588)4043271-3</subfield>
    </datafield>
    <datafield ind1=" " ind2=" " tag="SWD">
      <subfield code="g">Austria</subfield>
      <subfield code="9">(DE-588)4043271-3</subfield>
    </datafield>
    <datafield ind1=" " ind2=" " tag="SWD">
      <subfield code="g">Republik &#xD6;sterreich</subfield>
      <subfield code="9">(DE-588)4043271-3</subfield>
    </datafield>
    <datafield ind1=" " ind2=" " tag="SWD">
      <subfield code="g">&#xD6;sterreich</subfield>
      <subfield code="h">Zweite Republik</subfield>
      <subfield code="9">(DE-588)4043271-3</subfield>
    </datafield>
    <datafield ind1=" " ind2=" " tag="SWD">
      <subfield code="g">Bundesstaat &#xD6;sterreich</subfield>
      <subfield code="9">(DE-588)4043271-3</subfield>
    </datafield>
    <datafield ind1=" " ind2=" " tag="SWD">
      <subfield code="g">&#xD6;sterreich</subfield>
      <subfield code="h">Erste Republik</subfield>
      <subfield code="9">(DE-588)4043271-3</subfield>
    </datafield>
    <datafield ind1=" " ind2=" " tag="SWD">
      <subfield code="g">Deutsch&#xF6;sterreich</subfield>
      <subfield code="9">(DE-588)4043271-3</subfield>
    </datafield>
    <datafield ind1=" " ind2=" " tag="SWD">
      <subfield code="g">Staat Deutsch&#xF6;sterreich</subfield>
      <subfield code="9">(DE-588)4043271-3</subfield>
    </datafield>
    <datafield ind1=" " ind2=" " tag="SWD">
      <subfield code="g">Land &#xD6;sterreich</subfield>
      <subfield code="9">(DE-588)4043271-3</subfield>
    </datafield>
    <datafield ind1=" " ind2=" " tag="SWD">
      <subfield code="g">Kaisertum &#xD6;sterreich</subfield>
      <subfield code="9">(DE-588)4043271-3</subfield>
    </datafield>
    <datafield ind1=" " ind2=" " tag="SWD">
      <subfield code="g">Kaiserthum &#xD6;sterreich</subfield>
      <subfield code="9">(DE-588)4043271-3</subfield>
    </datafield>
    <datafield ind1=" " ind2=" " tag="SWD">
      <subfield code="g">&#xD6;sterreichische Monarchie</subfield>
      <subfield code="9">(DE-588)4043271-3</subfield>
    </datafield>
    <datafield ind1=" " ind2=" " tag="SWD">
      <subfield code="g">Ostmark</subfield>
      <subfield code="h">&#xD6;sterreich</subfield>
      <subfield code="9">(DE-588)4043271-3</subfield>
    </datafield>
    <datafield ind1=" " ind2=" " tag="SWD">
      <subfield code="g">Autriche</subfield>
      <subfield code="9">(DE-588)4043271-3</subfield>
    </datafield>
    <datafield ind1=" " ind2=" " tag="SWD">
      <subfield code="g">Austrya</subfield>
      <subfield code="9">(DE-588)4043271-3</subfield>
    </datafield>
    <datafield ind1=" " ind2=" " tag="SWD">
      <subfield code="g">Austrja</subfield>
      <subfield code="9">(DE-588)4043271-3</subfield>
    </datafield>
    <datafield ind1=" " ind2=" " tag="SWD">
      <subfield code="g">Ostmark</subfield>
      <subfield code="9">(DE-588)4043271-3</subfield>
    </datafield>
    <datafield ind1=" " ind2=" " tag="SWD">
      <subfield code="9">(DE-588)1085175685</subfield>
    </datafield>
    <datafield ind1=" " ind2=" " tag="SWD">
      <subfield code="9">(DE-588)1087268060</subfield>
    </datafield>
    <datafield ind1=" " ind2=" " tag="SWD">
      <subfield code="s">Event</subfield>
      <subfield code="9">(DE-588)4125453-3</subfield>
    </datafield>
    <datafield ind1=" " ind2=" " tag="SWD">
      <subfield code="s">Veranstaltungen</subfield>
      <subfield code="9">(DE-588)4125453-3</subfield>
    </datafield>
    <datafield ind1=" " ind2=" " tag="SWD">
      <subfield code="s">Events</subfield>
      <subfield code="9">(DE-588)4125453-3</subfield>
    </datafield>
    <datafield ind1=" " ind2=" " tag="SWD">
      <subfield code="s">Event</subfield>
      <subfield code="9">(DE-588)4125453-3</subfield>
    </datafield>
    <datafield ind1=" " ind2=" " tag="SWD">
      <subfield code="s">Veranstaltungen</subfield>
      <subfield code="9">(DE-588)4125453-3</subfield>
    </datafield>
    <datafield ind1=" " ind2=" " tag="SWD">
      <subfield code="s">Events</subfield>
      <subfield code="9">(DE-588)4125453-3</subfield>
    </datafield>
    <datafield ind1=" " ind2=" " tag="SWD">
      <subfield code="s">Sonderausstellung</subfield>
      <subfield code="9">(DE-588)4129601-1</subfield>
    </datafield>
    <datafield ind1=" " ind2=" " tag="SWD">
      <subfield code="s">Ausstellungen</subfield>
      <subfield code="9">(DE-588)4129601-1</subfield>
    </datafield>
    <datafield ind1=" " ind2=" " tag="SWD">
      <subfield code="s">Sonderausstellung</subfield>
      <subfield code="9">(DE-588)4129601-1</subfield>
    </datafield>
    <datafield ind1=" " ind2=" " tag="SWD">
      <subfield code="s">Ausstellungen</subfield>
      <subfield code="9">(DE-588)4129601-1</subfield>
    </datafield>
    <datafield ind1=" " ind2=" " tag="AVA">
      <subfield code="a">AKW50</subfield>
      <subfield code="b">XAW1</subfield>
      <subfield code="c">Fortsetzungsmagazin</subfield>
      <subfield code="d">D848/SF/2002,7,12</subfield>
      <subfield code="e">available</subfield>
      <subfield code="t">Verf&#xFC;gbar</subfield>
      <subfield code="f">37</subfield>
      <subfield code="g">0</subfield>
      <subfield code="h">Y</subfield>
      <subfield code="i">0</subfield>
      <subfield code="j">MAG3</subfield>
    </datafield>
    <datafield ind1="-" ind2="1" tag="Z30">
      <subfield code="1">XAW1</subfield>
      <subfield code="2">MAG3</subfield>
      <subfield code="3">D848/SF/1991,7,12</subfield>
      <subfield code="b">1991</subfield>
      <subfield code="c">7,12</subfield>
      <subfield code="h">1991, SF/Juli-Dez.</subfield>
    </datafield>
    <datafield ind1="-" ind2="2" tag="Z30">
      <subfield code="1">XAW1</subfield>
      <subfield code="2">MAG3</subfield>
      <subfield code="3">D848/SF/1985</subfield>
      <subfield code="b">1985</subfield>
      <subfield code="c">SF</subfield>
      <subfield code="h">1985/SF</subfield>
    </datafield>
    <datafield ind1="-" ind2="2" tag="Z30">
      <subfield code="1">XAW1</subfield>
      <subfield code="2">MAG3</subfield>
      <subfield code="3">D848/SF/1987,1,6</subfield>
      <subfield code="b">1987</subfield>
      <subfield code="c">1,6</subfield>
      <subfield code="h">1987,SF/ J&#xE4;n.-Juni</subfield>
    </datafield>
    <datafield ind1="-" ind2="2" tag="Z30">
      <subfield code="1">XAW1</subfield>
      <subfield code="2">MAG3</subfield>
      <subfield code="3">D848/SF/1987,7,12</subfield>
      <subfield code="b">1987</subfield>
      <subfield code="c">7,12</subfield>
      <subfield code="h">1987,SF/ Juli-Dez.</subfield>
    </datafield>
    <datafield ind1="-" ind2="2" tag="Z30">
      <subfield code="1">XAW1</subfield>
      <subfield code="2">MAG3</subfield>
      <subfield code="3">D848/SF/1988,1,6</subfield>
      <subfield code="b">1988</subfield>
      <subfield code="c">1-6</subfield>
      <subfield code="h">1988,SF/ J&#xE4;n.-Juni</subfield>
    </datafield>
    <datafield ind1="-" ind2="2" tag="Z30">
      <subfield code="1">XAW1</subfield>
      <subfield code="2">MAG3</subfield>
      <subfield code="3">D848/SF/1988,7,12</subfield>
      <subfield code="b">1988</subfield>
      <subfield code="c">7,12</subfield>
      <subfield code="h">1988, SF/Juli-Dez.</subfield>
    </datafield>
    <datafield ind1="-" ind2="2" tag="Z30">
      <subfield code="1">XAW1</subfield>
      <subfield code="2">MAG3</subfield>
      <subfield code="3">D848/SF/1989,1,6</subfield>
      <subfield code="b">1989</subfield>
      <subfield code="c">1,5</subfield>
      <subfield code="h">1989, SF/J&#xE4;n.-Juni</subfield>
    </datafield>
    <datafield ind1="-" ind2="2" tag="Z30">
      <subfield code="1">XAW1</subfield>
      <subfield code="2">MAG3</subfield>
      <subfield code="3">D848/SF/1989,7,12</subfield>
      <subfield code="b">1989</subfield>
      <subfield code="c">7,12</subfield>
      <subfield code="h">1989, SF/Juli-Dez.</subfield>
    </datafield>
    <datafield ind1="-" ind2="2" tag="Z30">
      <subfield code="1">XAW1</subfield>
      <subfield code="2">MAG3</subfield>
      <subfield code="3">D848/SF/1990,1,6</subfield>
      <subfield code="b">1990</subfield>
      <subfield code="c">1,6</subfield>
      <subfield code="h">1990, SF/J&#xE4;n.-Juni</subfield>
    </datafield>
    <datafield ind1="-" ind2="2" tag="Z30">
      <subfield code="1">XAW1</subfield>
      <subfield code="2">MAG3</subfield>
      <subfield code="3">D848/SF/1990,7,12</subfield>
      <subfield code="b">1990</subfield>
      <subfield code="c">7,12</subfield>
      <subfield code="h">1990, SF/Juli-/Dez.</subfield>
    </datafield>
    <datafield ind1="-" ind2="2" tag="Z30">
      <subfield code="1">XAW1</subfield>
      <subfield code="2">MAG3</subfield>
      <subfield code="3">D848/SF/1991,1,6</subfield>
      <subfield code="b">1991</subfield>
      <subfield code="c">1,6</subfield>
      <subfield code="h">1991, SF/J&#xE4;n.-Juni</subfield>
    </datafield>
    <datafield ind1="-" ind2="2" tag="Z30">
      <subfield code="1">XAW1</subfield>
      <subfield code="2">MAG3</subfield>
      <subfield code="3">D848/SF/1992,1,4</subfield>
      <subfield code="b">1992</subfield>
      <subfield code="c">1,4</subfield>
      <subfield code="h">1992, SF/Jan.-Apr.</subfield>
    </datafield>
    <datafield ind1="-" ind2="2" tag="Z30">
      <subfield code="1">XAW1</subfield>
      <subfield code="2">MAG3</subfield>
      <subfield code="3">D848/SF/1992,4,12</subfield>
      <subfield code="b">1992</subfield>
      <subfield code="c">4,12</subfield>
      <subfield code="h">1992, SF/Apr.-Dez.</subfield>
    </datafield>
    <datafield ind1="-" ind2="2" tag="Z30">
      <subfield code="1">XAW1</subfield>
      <subfield code="2">MAG3</subfield>
      <subfield code="3">D848/SF/1993,1,6</subfield>
      <subfield code="b">1993</subfield>
      <subfield code="c">1,6</subfield>
      <subfield code="h">1993, SF/Jan.-Juni</subfield>
    </datafield>
    <datafield ind1="-" ind2="2" tag="Z30">
      <subfield code="1">XAW1</subfield>
      <subfield code="2">MAG3</subfield>
      <subfield code="3">D848/SF/1993,7,12</subfield>
      <subfield code="b">1993</subfield>
      <subfield code="c">7,12</subfield>
      <subfield code="h">1993, SF/Juli-Dez.</subfield>
    </datafield>
    <datafield ind1="-" ind2="2" tag="Z30">
      <subfield code="1">XAW1</subfield>
      <subfield code="2">MAG3</subfield>
      <subfield code="3">D848/SF/1994,1,6</subfield>
      <subfield code="b">1994</subfield>
      <subfield code="c">1,6</subfield>
      <subfield code="h">1994, SF/Jan.-Juni</subfield>
    </datafield>
    <datafield ind1="-" ind2="2" tag="Z30">
      <subfield code="1">XAW1</subfield>
      <subfield code="2">MAG3</subfield>
      <subfield code="3">D848/SF/1994,7,12</subfield>
      <subfield code="b">1994</subfield>
      <subfield code="c">7,12</subfield>
      <subfield code="h">1994, SF/Juli-Dez.</subfield>
    </datafield>
    <datafield ind1="-" ind2="2" tag="Z30">
      <subfield code="1">XAW1</subfield>
      <subfield code="2">MAG3</subfield>
      <subfield code="3">D848/SF/1995,1,6</subfield>
      <subfield code="b">1995</subfield>
      <subfield code="c">1,6</subfield>
      <subfield code="h">1995, SF/Jan.-Juni</subfield>
    </datafield>
    <datafield ind1="-" ind2="2" tag="Z30">
      <subfield code="1">XAW1</subfield>
      <subfield code="2">MAG3</subfield>
      <subfield code="3">D848/SF/1995,7,12</subfield>
      <subfield code="b">1995</subfield>
      <subfield code="c">7,12</subfield>
      <subfield code="h">1995, SF/Juli-Dez.</subfield>
    </datafield>
    <datafield ind1="-" ind2="2" tag="Z30">
      <subfield code="1">XAW1</subfield>
      <subfield code="2">MAG3</subfield>
      <subfield code="3">D848/SF/1996,1,6</subfield>
      <subfield code="b">1996</subfield>
      <subfield code="c">1-6</subfield>
      <subfield code="h">1996, SF/Jan.-Juni</subfield>
    </datafield>
    <datafield ind1="-" ind2="2" tag="Z30">
      <subfield code="1">XAW1</subfield>
      <subfield code="2">MAG3</subfield>
      <subfield code="3">D848/SF/1996,7,12</subfield>
      <subfield code="b">1996</subfield>
      <subfield code="c">7,12</subfield>
      <subfield code="h">1996, SF/Juli-Dez.</subfield>
    </datafield>
    <datafield ind1="-" ind2="2" tag="Z30">
      <subfield code="1">XAW1</subfield>
      <subfield code="2">MAG3</subfield>
      <subfield code="3">D848/SF/1997,1,6</subfield>
      <subfield code="b">1997</subfield>
      <subfield code="c">1,6</subfield>
      <subfield code="h">1997, SF/Jan.-Juni</subfield>
    </datafield>
    <datafield ind1="-" ind2="2" tag="Z30">
      <subfield code="1">XAW1</subfield>
      <subfield code="2">MAG3</subfield>
      <subfield code="3">D848/SF/1997,7,12</subfield>
      <subfield code="b">1997</subfield>
      <subfield code="c">7,12</subfield>
      <subfield code="h">1997, SF/Juli-Dez.</subfield>
    </datafield>
    <datafield ind1="-" ind2="2" tag="Z30">
      <subfield code="1">XAW1</subfield>
      <subfield code="2">MAG3</subfield>
      <subfield code="3">D848/SF/1998,1,6</subfield>
      <subfield code="b">1998</subfield>
      <subfield code="c">1,6</subfield>
      <subfield code="h">1998, SF/Jan.-Juni</subfield>
    </datafield>
    <datafield ind1="-" ind2="2" tag="Z30">
      <subfield code="1">XAW1</subfield>
      <subfield code="2">MAG3</subfield>
      <subfield code="3">D848/SF/1998,7,12</subfield>
      <subfield code="b">1998</subfield>
      <subfield code="c">7,12</subfield>
      <subfield code="h">1998, SF/Juli-Dez.</subfield>
    </datafield>
    <datafield ind1="-" ind2="2" tag="Z30">
      <subfield code="1">XAW1</subfield>
      <subfield code="2">MAG3</subfield>
      <subfield code="3">D848/SF/1999,1,6</subfield>
      <subfield code="b">1999</subfield>
      <subfield code="c">1,6</subfield>
      <subfield code="h">1999, SF/Jan.-Juni</subfield>
    </datafield>
    <datafield ind1="-" ind2="2" tag="Z30">
      <subfield code="1">XAW1</subfield>
      <subfield code="2">MAG3</subfield>
      <subfield code="3">D848/SF/1999,7,12</subfield>
      <subfield code="b">1999</subfield>
      <subfield code="c">7,12</subfield>
      <subfield code="h">1999, SF/Juli-Dez.</subfield>
    </datafield>
    <datafield ind1="-" ind2="2" tag="Z30">
      <subfield code="1">XAW1</subfield>
      <subfield code="2">MAG3</subfield>
      <subfield code="3">D848/SF/2000,1,6</subfield>
      <subfield code="b">2000</subfield>
      <subfield code="c">1,6</subfield>
      <subfield code="h">2000, SF/Jan.-Juni</subfield>
    </datafield>
    <datafield ind1="-" ind2="2" tag="Z30">
      <subfield code="1">XAW1</subfield>
      <subfield code="2">MAG3</subfield>
      <subfield code="3">D848/SF/2000,7,12</subfield>
      <subfield code="b">2000</subfield>
      <subfield code="c">7,12</subfield>
      <subfield code="h">2000, SF/Juli-Dez.</subfield>
    </datafield>
    <datafield ind1="-" ind2="2" tag="Z30">
      <subfield code="1">XAW1</subfield>
      <subfield code="2">MAG3</subfield>
      <subfield code="3">D848/SF/2001,1,6</subfield>
      <subfield code="b">2001</subfield>
      <subfield code="c">1,6</subfield>
      <subfield code="h">2001, SF/Jan.-Juni</subfield>
    </datafield>
    <datafield ind1="-" ind2="2" tag="Z30">
      <subfield code="1">XAW1</subfield>
      <subfield code="2">MAG3</subfield>
      <subfield code="3">D848/SF/2001,7,12</subfield>
      <subfield code="b">2001</subfield>
      <subfield code="c">7,12</subfield>
      <subfield code="h">2001, SF/Juli-Dez.</subfield>
    </datafield>
    <datafield ind1="-" ind2="2" tag="Z30">
      <subfield code="1">XAW1</subfield>
      <subfield code="2">MAG3</subfield>
      <subfield code="3">D848/SF/2002,1,6</subfield>
      <subfield code="b">2002</subfield>
      <subfield code="c">1,6</subfield>
      <subfield code="h">2002, SF/Jan.-Juni</subfield>
    </datafield>
    <datafield ind1="-" ind2="2" tag="Z30">
      <subfield code="1">XAW1</subfield>
      <subfield code="2">MAG3</subfield>
      <subfield code="3">D848/SF/2002,7,12</subfield>
      <subfield code="b">2002</subfield>
      <subfield code="c">7,12</subfield>
      <subfield code="h">2002, SF/Juli-Dez.</subfield>
    </datafield>
    <datafield ind1="-" ind2="2" tag="Z30">
      <subfield code="1">XAW1</subfield>
      <subfield code="2">MAG3</subfield>
      <subfield code="3">D848/SF/2003,1,6</subfield>
      <subfield code="b">2003</subfield>
      <subfield code="c">1,6</subfield>
      <subfield code="h">2003,SF/Jan.-Juni</subfield>
    </datafield>
    <datafield ind1="-" ind2="2" tag="Z30">
      <subfield code="1">XAW1</subfield>
      <subfield code="2">MAG3</subfield>
      <subfield code="3">D848/SF/2003,7,12</subfield>
      <subfield code="b">2003</subfield>
      <subfield code="c">7,12</subfield>
      <subfield code="h">2003,SF/Juli-Dez.</subfield>
    </datafield>
    <datafield ind1="-" ind2="2" tag="Z30">
      <subfield code="1">XAW1</subfield>
      <subfield code="2">MAG3</subfield>
      <subfield code="3">D848/SF/2004</subfield>
      <subfield code="b">2004</subfield>
      <subfield code="h">2004,SF</subfield>
    </datafield>
    <datafield ind1="-" ind2="2" tag="Z30">
      <subfield code="1">XAW1</subfield>
      <subfield code="2">MAG3</subfield>
      <subfield code="3">D848/SF/2005</subfield>
      <subfield code="b">2005</subfield>
      <subfield code="h">2005,SF</subfield>
    </datafield>
  </record>
  <record>
    <leader>00545nM2.01200024------u</leader>
    <controlfield tag="LDR">00545nM2.01200024------u</controlfield>
    <controlfield tag="FMT">MU</controlfield>
    <datafield ind1="-" ind2="1" tag="001">
      <subfield code="a">AC05994916</subfield>
    </datafield>
    <datafield ind1="-" ind2="2" tag="001">
      <subfield code="a">AC00470658</subfield>
    </datafield>
    <datafield ind1="b" ind2="1" tag="002">
      <subfield code="a">20070614</subfield>
    </datafield>
    <datafield ind1="-" ind2="1" tag="010">
      <subfield code="a">AC00470658</subfield>
    </datafield>
    <datafield ind1="z" ind2="2" tag="025">
      <subfield code="a">ZDB-4263-8</subfield>
    </datafield>
    <controlfield tag="030">u|1dkz|z|||||</controlfield>
    <datafield ind1="a" ind2="1" tag="036">
      <subfield code="a">US</subfield>
    </datafield>
    <datafield ind1="a" ind2="2" tag="036">
      <subfield code="a">GB</subfield>
      <subfield code="a">US</subfield>
    </datafield>
    <datafield ind1="b" ind2="1" tag="037">
      <subfield code="a">eng</subfield>
    </datafield>
    <datafield ind1="b" ind2="2" tag="037">
      <subfield code="a">eng</subfield>
    </datafield>
    <controlfield tag="050">a|a|||||||||||</controlfield>
    <controlfield tag="051">m|||||||</controlfield>
    <datafield ind1="a" ind2="1" tag="070">
      <subfield code="a">292</subfield>
    </datafield>
    <datafield ind1="s" ind2="1" tag="076">
      <subfield code="a">09</subfield>
    </datafield>
    <datafield ind1="b" ind2="2" tag="086">
      <subfield code="a">B43158</subfield>
    </datafield>
    <datafield ind1="c" ind2="2" tag="086">
      <subfield code="a">PerLM</subfield>
    </datafield>
    <datafield ind1="-" ind2="1" tag="089">
      <subfield code="a">2000</subfield>
    </datafield>
    <datafield ind1="i" ind2="1" tag="090">
      <subfield code="a">2000</subfield>
    </datafield>
    <datafield ind1="-" ind2="1" tag="090">
      <subfield code="a">2000</subfield>
    </datafield>
    <datafield ind1="-" ind2="1" tag="331">
      <subfield code="a">Necessary and unnecessary utopias</subfield>
    </datafield>
    <datafield ind1="-" ind2="2" tag="331">
      <subfield code="a">Socialist register</subfield>
    </datafield>
    <datafield ind1="a" ind2="2" tag="370">
      <subfield code="a">&lt;&lt;The&gt;&gt; socialist register</subfield>
    </datafield>
    <datafield ind1="-" ind2="2" tag="405">
      <subfield code="a">1.1964 -</subfield>
    </datafield>
    <datafield ind1="-" ind2="2" tag="410">
      <subfield code="a">London</subfield>
    </datafield>
    <datafield ind1="-" ind2="2" tag="412">
      <subfield code="a">Merlin Press</subfield>
    </datafield>
    <datafield ind1="-" ind2="2" tag="415">
      <subfield code="a">New York, NY</subfield>
    </datafield>
    <datafield ind1="-" ind2="2" tag="417">
      <subfield code="a">Monthly Review Press</subfield>
    </datafield>
    <datafield ind1="-" ind2="2" tag="418">
      <subfield code="a">Halifax</subfield>
      <subfield code="g">Fernwood Publ.</subfield>
    </datafield>
    <datafield ind1="-" ind2="2" tag="418">
      <subfield code="a">Rendlesham</subfield>
      <subfield code="g">Merlin Press</subfield>
      <subfield code="h">-1999</subfield>
    </datafield>
    <datafield ind1="-" ind2="2" tag="418">
      <subfield code="a">Atlantic Highlands, NJ</subfield>
      <subfield code="g">Humanities Press</subfield>
      <subfield code="h">-1999</subfield>
    </datafield>
    <datafield ind1="a" ind2="1" tag="425">
      <subfield code="a">1999</subfield>
    </datafield>
    <datafield ind1="b" ind2="2" tag="425">
      <subfield code="a">1964</subfield>
    </datafield>
    <datafield ind1="-" ind2="1" tag="433">
      <subfield code="a">300 S.</subfield>
    </datafield>
    <datafield ind1="-" ind2="1" tag="435">
      <subfield code="a">23cm</subfield>
    </datafield>
    <datafield ind1="-" ind2="1" tag="455">
      <subfield code="a">2000</subfield>
    </datafield>
    <datafield ind1="-" ind2="1" tag="456">
      <subfield code="a">2000</subfield>
    </datafield>
    <datafield ind1="-" ind2="1" tag="501">
      <subfield code="a">Includes bibliographical references</subfield>
    </datafield>
    <datafield ind1="-" ind2="2" tag="507">
      <subfield code="a">Hauptsacht. bis 1984: The socialist register</subfield>
    </datafield>
    <datafield ind1="-" ind2="2" tag="523">
      <subfield code="a">Teils ohne Z&#xE4;hlung; ab 27.1991 Schriftenreihe</subfield>
    </datafield>
    <datafield ind1="z" ind2="2" tag="527">
      <subfield code="p">Online-Ausg. ---&gt;</subfield>
      <subfield code="a">Socialist register</subfield>
      <subfield code="9">2441683-6</subfield>
    </datafield>
    <datafield ind1="a" ind2="1" tag="540">
      <subfield code="a">0-85036-488-4</subfield>
    </datafield>
    <datafield ind1="-" ind2="1" tag="540">
      <subfield code="a">0-85036-487-6</subfield>
    </datafield>
    <datafield ind1="a" ind2="1" tag="540">
      <subfield code="a">1-583-67021-1</subfield>
    </datafield>
    <datafield ind1="a" ind2="2" tag="542">
      <subfield code="a">0081-0606</subfield>
    </datafield>
    <datafield ind1="x" ind2="2" tag="700">
      <subfield code="a">335 Sozialismus und verwandte Systeme</subfield>
      <subfield code="c">22</subfield>
    </datafield>
    <datafield ind1="b" ind2="1" tag="700">
      <subfield code="a">335.02</subfield>
      <subfield code="c">21</subfield>
    </datafield>
    <datafield ind1="z" ind2="2" tag="700">
      <subfield code="a">695</subfield>
    </datafield>
    <datafield ind1="a" ind2="1" tag="710">
      <subfield code="a">Utopie</subfield>
    </datafield>
    <datafield ind1="f" ind2="1" tag="710">
      <subfield code="a">Aufs&#xE4;tze</subfield>
    </datafield>
    <datafield ind1="-" ind2="1" tag="SG1">
      <subfield code="a">200</subfield>
    </datafield>
    <datafield ind1="-" ind2="2" tag="SG1">
      <subfield code="a">200</subfield>
    </datafield>
    <datafield ind1="s" ind2="1" tag="740">
      <subfield code="a">Post-communism</subfield>
    </datafield>
    <datafield ind1="s" ind2="1" tag="740">
      <subfield code="a">Utopian socialism</subfield>
    </datafield>
    <datafield ind1="-" ind2="2" tag="902">
      <subfield code="s">Soziologie</subfield>
      <subfield code="9">(DE-588)4077624-4</subfield>
    </datafield>
    <datafield ind1="-" ind2="2" tag="902">
      <subfield code="f">Aufsatzsammlung</subfield>
    </datafield>
    <datafield ind1="-" ind2="2" tag="907">
      <subfield code="s">Marxismus</subfield>
      <subfield code="9">(DE-588)4037764-7</subfield>
    </datafield>
    <datafield ind1="-" ind2="2" tag="907">
      <subfield code="f">Aufsatzsammlung</subfield>
    </datafield>
    <datafield ind1="-" ind2="2" tag="912">
      <subfield code="s">Sozialismus</subfield>
      <subfield code="9">(DE-588)4055785-6</subfield>
    </datafield>
    <datafield ind1="-" ind2="2" tag="912">
      <subfield code="f">Aufsatzsammlung</subfield>
    </datafield>
    <controlfield tag="SYS">000314406</controlfield>
    <datafield ind1=" " ind2=" " tag="AVA">
      <subfield code="a">AKW50</subfield>
      <subfield code="b">XAW1</subfield>
      <subfield code="c">Fortsetzungsmagazin</subfield>
      <subfield code="d">B43158/2000</subfield>
      <subfield code="e">available</subfield>
      <subfield code="t">Verf&#xFC;gbar</subfield>
      <subfield code="f">1</subfield>
      <subfield code="g">0</subfield>
      <subfield code="h">Y</subfield>
      <subfield code="i">0</subfield>
      <subfield code="j">MAG3</subfield>
    </datafield>
    <datafield ind1="-" ind2="2" tag="Z30">
      <subfield code="1">XAW1</subfield>
      <subfield code="2">MAG3</subfield>
      <subfield code="3">B43158/2000</subfield>
      <subfield code="b">2000</subfield>
      <subfield code="h">2000</subfield>
    </datafield>
  </record>
  <record>
    <leader>00575nM2.01200024------u</leader>
    <controlfield tag="LDR">00575nM2.01200024------u</controlfield>
    <controlfield tag="FMT">MU</controlfield>
    <datafield ind1="-" ind2="1" tag="001">
      <subfield code="a">AC05994962</subfield>
    </datafield>
    <datafield ind1="-" ind2="2" tag="001">
      <subfield code="a">AC00470658</subfield>
    </datafield>
    <datafield ind1="b" ind2="1" tag="002">
      <subfield code="a">20070614</subfield>
    </datafield>
    <datafield ind1="-" ind2="1" tag="010">
      <subfield code="a">AC00470658</subfield>
    </datafield>
    <datafield ind1="z" ind2="2" tag="025">
      <subfield code="a">ZDB-4263-8</subfield>
    </datafield>
    <controlfield tag="030">u|1dkz|z|||||</controlfield>
    <datafield ind1="a" ind2="1" tag="036">
      <subfield code="a">GB</subfield>
    </datafield>
    <datafield ind1="a" ind2="2" tag="036">
      <subfield code="a">GB</subfield>
      <subfield code="a">US</subfield>
    </datafield>
    <datafield ind1="b" ind2="1" tag="037">
      <subfield code="a">eng</subfield>
    </datafield>
    <datafield ind1="b" ind2="2" tag="037">
      <subfield code="a">eng</subfield>
    </datafield>
    <controlfield tag="050">a|a|||||||||||</controlfield>
    <controlfield tag="051">n|||||||</controlfield>
    <datafield ind1="a" ind2="1" tag="070">
      <subfield code="a">292</subfield>
    </datafield>
    <datafield ind1="b" ind2="2" tag="086">
      <subfield code="a">B43158</subfield>
    </datafield>
    <datafield ind1="c" ind2="2" tag="086">
      <subfield code="a">PerLM</subfield>
    </datafield>
    <datafield ind1="-" ind2="1" tag="089">
      <subfield code="a">2001</subfield>
    </datafield>
    <datafield ind1="i" ind2="1" tag="090">
      <subfield code="a">2001</subfield>
    </datafield>
    <datafield ind1="-" ind2="1" tag="090">
      <subfield code="a">2001</subfield>
    </datafield>
    <datafield ind1="-" ind2="1" tag="331">
      <subfield code="a">Working classes, global realities</subfield>
    </datafield>
    <datafield ind1="-" ind2="2" tag="331">
      <subfield code="a">Socialist register</subfield>
    </datafield>
    <datafield ind1="a" ind2="2" tag="370">
      <subfield code="a">&lt;&lt;The&gt;&gt; socialist register</subfield>
    </datafield>
    <datafield ind1="-" ind2="2" tag="405">
      <subfield code="a">1.1964 -</subfield>
    </datafield>
    <datafield ind1="-" ind2="2" tag="410">
      <subfield code="a">London</subfield>
    </datafield>
    <datafield ind1="-" ind2="2" tag="412">
      <subfield code="a">Merlin Press</subfield>
    </datafield>
    <datafield ind1="-" ind2="2" tag="415">
      <subfield code="a">New York, NY</subfield>
    </datafield>
    <datafield ind1="-" ind2="2" tag="417">
      <subfield code="a">Monthly Review Press</subfield>
    </datafield>
    <datafield ind1="-" ind2="2" tag="418">
      <subfield code="a">Halifax</subfield>
      <subfield code="g">Fernwood Publ.</subfield>
    </datafield>
    <datafield ind1="-" ind2="2" tag="418">
      <subfield code="a">Rendlesham</subfield>
      <subfield code="g">Merlin Press</subfield>
      <subfield code="h">-1999</subfield>
    </datafield>
    <datafield ind1="-" ind2="2" tag="418">
      <subfield code="a">Atlantic Highlands, NJ</subfield>
      <subfield code="g">Humanities Press</subfield>
      <subfield code="h">-1999</subfield>
    </datafield>
    <datafield ind1="a" ind2="1" tag="425">
      <subfield code="a">2000</subfield>
    </datafield>
    <datafield ind1="b" ind2="2" tag="425">
      <subfield code="a">1964</subfield>
    </datafield>
    <datafield ind1="-" ind2="1" tag="433">
      <subfield code="a">410 S.</subfield>
    </datafield>
    <datafield ind1="-" ind2="1" tag="435">
      <subfield code="a">23cm</subfield>
    </datafield>
    <datafield ind1="-" ind2="1" tag="455">
      <subfield code="a">2001</subfield>
    </datafield>
    <datafield ind1="-" ind2="1" tag="456">
      <subfield code="a">2001</subfield>
    </datafield>
    <datafield ind1="-" ind2="2" tag="507">
      <subfield code="a">Hauptsacht. bis 1984: The socialist register</subfield>
    </datafield>
    <datafield ind1="-" ind2="2" tag="523">
      <subfield code="a">Teils ohne Z&#xE4;hlung; ab 27.1991 Schriftenreihe</subfield>
    </datafield>
    <datafield ind1="z" ind2="2" tag="527">
      <subfield code="p">Online-Ausg. ---&gt;</subfield>
      <subfield code="a">Socialist register</subfield>
      <subfield code="9">2441683-6</subfield>
    </datafield>
    <datafield ind1="a" ind2="1" tag="540">
      <subfield code="a">0-85036-491-4</subfield>
    </datafield>
    <datafield ind1="a" ind2="1" tag="540">
      <subfield code="a">0-85036-490-6</subfield>
    </datafield>
    <datafield ind1="-" ind2="1" tag="540">
      <subfield code="a">1-58367-031-9</subfield>
    </datafield>
    <datafield ind1="a" ind2="2" tag="542">
      <subfield code="a">0081-0606</subfield>
    </datafield>
    <datafield ind1="x" ind2="2" tag="700">
      <subfield code="a">335 Sozialismus und verwandte Systeme</subfield>
      <subfield code="c">22</subfield>
    </datafield>
    <datafield ind1="b" ind2="1" tag="700">
      <subfield code="a">305.562</subfield>
      <subfield code="c">21</subfield>
    </datafield>
    <datafield ind1="z" ind2="2" tag="700">
      <subfield code="a">695</subfield>
    </datafield>
    <datafield ind1="a" ind2="1" tag="710">
      <subfield code="a">Arbeiterklasse</subfield>
    </datafield>
    <datafield ind1="a" ind2="1" tag="710">
      <subfield code="a">Arbeiterbewegung</subfield>
    </datafield>
    <datafield ind1="a" ind2="1" tag="710">
      <subfield code="a">Industrial relations</subfield>
    </datafield>
    <datafield ind1="a" ind2="1" tag="710">
      <subfield code="a">Globalisierung</subfield>
    </datafield>
    <datafield ind1="a" ind2="1" tag="710">
      <subfield code="a">Kapitalismus</subfield>
    </datafield>
    <datafield ind1="f" ind2="1" tag="710">
      <subfield code="a">Aufs&#xE4;tze</subfield>
    </datafield>
    <datafield ind1="-" ind2="1" tag="SG1">
      <subfield code="a">820</subfield>
    </datafield>
    <datafield ind1="-" ind2="2" tag="SG1">
      <subfield code="a">200</subfield>
    </datafield>
    <datafield ind1="s" ind2="1" tag="740">
      <subfield code="a">Working class</subfield>
    </datafield>
    <datafield ind1="s" ind2="1" tag="740">
      <subfield code="a">Social conflict</subfield>
    </datafield>
    <datafield ind1="-" ind2="2" tag="902">
      <subfield code="s">Soziologie</subfield>
      <subfield code="9">(DE-588)4077624-4</subfield>
    </datafield>
    <datafield ind1="-" ind2="2" tag="902">
      <subfield code="f">Aufsatzsammlung</subfield>
    </datafield>
    <datafield ind1="-" ind2="2" tag="907">
      <subfield code="s">Marxismus</subfield>
      <subfield code="9">(DE-588)4037764-7</subfield>
    </datafield>
    <datafield ind1="-" ind2="2" tag="907">
      <subfield code="f">Aufsatzsammlung</subfield>
    </datafield>
    <datafield ind1="-" ind2="2" tag="912">
      <subfield code="s">Sozialismus</subfield>
      <subfield code="9">(DE-588)4055785-6</subfield>
    </datafield>
    <datafield ind1="-" ind2="2" tag="912">
      <subfield code="f">Aufsatzsammlung</subfield>
    </datafield>
    <controlfield tag="SYS">000314407</controlfield>
    <datafield ind1=" " ind2=" " tag="AVA">
      <subfield code="a">AKW50</subfield>
      <subfield code="b">XAW1</subfield>
      <subfield code="c">Fortsetzungsmagazin</subfield>
      <subfield code="d">B43158/2001</subfield>
      <subfield code="e">available</subfield>
      <subfield code="t">Verf&#xFC;gbar</subfield>
      <subfield code="f">1</subfield>
      <subfield code="g">0</subfield>
      <subfield code="h">Y</subfield>
      <subfield code="i">2</subfield>
      <subfield code="j">MAG3</subfield>
    </datafield>
    <datafield ind1="-" ind2="2" tag="Z30">
      <subfield code="1">XAW1</subfield>
      <subfield code="2">MAG3</subfield>
      <subfield code="3">B43158/2001</subfield>
      <subfield code="b">2001</subfield>
      <subfield code="h">2001</subfield>
    </datafield>
  </record>
  <record>
    <leader>00575nM2.01200024------u</leader>
    <controlfield tag="LDR">00575nM2.01200024------u</controlfield>
    <controlfield tag="FMT">MU</controlfield>
    <datafield ind1="-" ind2="1" tag="001">
      <subfield code="a">AC05994976</subfield>
    </datafield>
    <datafield ind1="-" ind2="2" tag="001">
      <subfield code="a">AC00470658</subfield>
    </datafield>
    <datafield ind1="b" ind2="1" tag="002">
      <subfield code="a">20070614</subfield>
    </datafield>
    <datafield ind1="-" ind2="1" tag="010">
      <subfield code="a">AC00470658</subfield>
    </datafield>
    <datafield ind1="z" ind2="2" tag="025">
      <subfield code="a">ZDB-4263-8</subfield>
    </datafield>
    <controlfield tag="030">u|1dkz|z|||||</controlfield>
    <datafield ind1="a" ind2="1" tag="036">
      <subfield code="a">GB</subfield>
    </datafield>
    <datafield ind1="a" ind2="2" tag="036">
      <subfield code="a">GB</subfield>
      <subfield code="a">US</subfield>
    </datafield>
    <datafield ind1="b" ind2="1" tag="037">
      <subfield code="a">eng</subfield>
    </datafield>
    <datafield ind1="b" ind2="2" tag="037">
      <subfield code="a">eng</subfield>
    </datafield>
    <controlfield tag="050">a|a|||||||||||</controlfield>
    <controlfield tag="051">n|||||||</controlfield>
    <datafield ind1="a" ind2="1" tag="070">
      <subfield code="a">292</subfield>
    </datafield>
    <datafield ind1="b" ind2="2" tag="086">
      <subfield code="a">B43158</subfield>
    </datafield>
    <datafield ind1="c" ind2="2" tag="086">
      <subfield code="a">PerLM</subfield>
    </datafield>
    <datafield ind1="-" ind2="1" tag="089">
      <subfield code="a">1999</subfield>
    </datafield>
    <datafield ind1="i" ind2="1" tag="090">
      <subfield code="a">1999</subfield>
    </datafield>
    <datafield ind1="-" ind2="1" tag="090">
      <subfield code="a">1999</subfield>
    </datafield>
    <datafield ind1="-" ind2="1" tag="331">
      <subfield code="a">Global capitalism versus democracy</subfield>
    </datafield>
    <datafield ind1="-" ind2="2" tag="331">
      <subfield code="a">Socialist register</subfield>
    </datafield>
    <datafield ind1="a" ind2="2" tag="370">
      <subfield code="a">&lt;&lt;The&gt;&gt; socialist register</subfield>
    </datafield>
    <datafield ind1="-" ind2="2" tag="405">
      <subfield code="a">1.1964 -</subfield>
    </datafield>
    <datafield ind1="-" ind2="2" tag="410">
      <subfield code="a">London</subfield>
    </datafield>
    <datafield ind1="-" ind2="2" tag="412">
      <subfield code="a">Merlin Press</subfield>
    </datafield>
    <datafield ind1="-" ind2="2" tag="415">
      <subfield code="a">New York, NY</subfield>
    </datafield>
    <datafield ind1="-" ind2="2" tag="417">
      <subfield code="a">Monthly Review Press</subfield>
    </datafield>
    <datafield ind1="-" ind2="2" tag="418">
      <subfield code="a">Halifax</subfield>
      <subfield code="g">Fernwood Publ.</subfield>
    </datafield>
    <datafield ind1="-" ind2="2" tag="418">
      <subfield code="a">Rendlesham</subfield>
      <subfield code="g">Merlin Press</subfield>
      <subfield code="h">-1999</subfield>
    </datafield>
    <datafield ind1="-" ind2="2" tag="418">
      <subfield code="a">Atlantic Highlands, NJ</subfield>
      <subfield code="g">Humanities Press</subfield>
      <subfield code="h">-1999</subfield>
    </datafield>
    <datafield ind1="a" ind2="1" tag="425">
      <subfield code="a">1999</subfield>
    </datafield>
    <datafield ind1="b" ind2="2" tag="425">
      <subfield code="a">1964</subfield>
    </datafield>
    <datafield ind1="-" ind2="1" tag="433">
      <subfield code="a">410 S.</subfield>
    </datafield>
    <datafield ind1="-" ind2="1" tag="435">
      <subfield code="a">23cm</subfield>
    </datafield>
    <datafield ind1="-" ind2="1" tag="455">
      <subfield code="a">1999</subfield>
    </datafield>
    <datafield ind1="-" ind2="1" tag="456">
      <subfield code="a">1999</subfield>
    </datafield>
    <datafield ind1="-" ind2="2" tag="507">
      <subfield code="a">Hauptsacht. bis 1984: The socialist register</subfield>
    </datafield>
    <datafield ind1="-" ind2="2" tag="523">
      <subfield code="a">Teils ohne Z&#xE4;hlung; ab 27.1991 Schriftenreihe</subfield>
    </datafield>
    <datafield ind1="z" ind2="2" tag="527">
      <subfield code="p">Online-Ausg. ---&gt;</subfield>
      <subfield code="a">Socialist register</subfield>
      <subfield code="9">2441683-6</subfield>
    </datafield>
    <datafield ind1="a" ind2="1" tag="540">
      <subfield code="a">0-85036-481-7</subfield>
    </datafield>
    <datafield ind1="a" ind2="1" tag="540">
      <subfield code="a">0-85036-480-9</subfield>
    </datafield>
    <datafield ind1="a" ind2="2" tag="542">
      <subfield code="a">0081-0606</subfield>
    </datafield>
    <datafield ind1="x" ind2="2" tag="700">
      <subfield code="a">335 Sozialismus und verwandte Systeme</subfield>
      <subfield code="c">22</subfield>
    </datafield>
    <datafield ind1="z" ind2="2" tag="700">
      <subfield code="a">695</subfield>
    </datafield>
    <datafield ind1="-" ind2="1" tag="SG1">
      <subfield code="a">200</subfield>
    </datafield>
    <datafield ind1="-" ind2="2" tag="SG1">
      <subfield code="a">200</subfield>
    </datafield>
    <datafield ind1="-" ind2="2" tag="902">
      <subfield code="s">Soziologie</subfield>
      <subfield code="9">(DE-588)4077624-4</subfield>
    </datafield>
    <datafield ind1="-" ind2="2" tag="902">
      <subfield code="f">Aufsatzsammlung</subfield>
    </datafield>
    <datafield ind1="-" ind2="2" tag="907">
      <subfield code="s">Marxismus</subfield>
      <subfield code="9">(DE-588)4037764-7</subfield>
    </datafield>
    <datafield ind1="-" ind2="2" tag="907">
      <subfield code="f">Aufsatzsammlung</subfield>
    </datafield>
    <datafield ind1="-" ind2="2" tag="912">
      <subfield code="s">Sozialismus</subfield>
      <subfield code="9">(DE-588)4055785-6</subfield>
    </datafield>
    <datafield ind1="-" ind2="2" tag="912">
      <subfield code="f">Aufsatzsammlung</subfield>
    </datafield>
    <controlfield tag="SYS">000314408</controlfield>
    <datafield ind1=" " ind2=" " tag="AVA">
      <subfield code="a">AKW50</subfield>
      <subfield code="b">XAW1</subfield>
      <subfield code="c">Fortsetzungsmagazin</subfield>
      <subfield code="d">B43158/1999</subfield>
      <subfield code="e">available</subfield>
      <subfield code="t">Verf&#xFC;gbar</subfield>
      <subfield code="f">1</subfield>
      <subfield code="g">0</subfield>
      <subfield code="h">Y</subfield>
      <subfield code="i">0</subfield>
      <subfield code="j">MAG3</subfield>
    </datafield>
    <datafield ind1="-" ind2="2" tag="Z30">
      <subfield code="1">XAW1</subfield>
      <subfield code="2">MAG3</subfield>
      <subfield code="3">B43158/1999</subfield>
      <subfield code="b">1999</subfield>
      <subfield code="h">1999</subfield>
    </datafield>
  </record>