
  <record>
    <leader>00466nM2.01200024------h</leader>
    <controlfield tag="LDR">00466nM2.01200024------h</controlfield>
    <controlfield tag="FMT">MH</controlfield>
    <datafield ind1="-" ind2="1" tag="001">
      <subfield code="a">AC02834142</subfield>
    </datafield>
    <datafield ind1="z" ind2="1" tag="025">
      <subfield code="a">ZDB-188656-3</subfield>
    </datafield>
    <controlfield tag="030">bz1dc||z|||37</controlfield>
    <datafield ind1="a" ind2="1" tag="036">
      <subfield code="a">GB</subfield>
    </datafield>
    <datafield ind1="b" ind2="1" tag="037">
      <subfield code="a">eng</subfield>
    </datafield>
    <controlfield tag="052">p||||||||||||||</controlfield>
    <datafield ind1="a" ind2="1" tag="070">
      <subfield code="a">ZDB</subfield>
    </datafield>
    <datafield ind1="b" ind2="1" tag="086">
      <subfield code="a">B61241</subfield>
    </datafield>
    <datafield ind1="c" ind2="1" tag="086">
      <subfield code="a">ZSabg.</subfield>
    </datafield>
    <datafield ind1="b" ind2="1" tag="200">
      <subfield code="k">International Institute of Social Economics</subfield>
      <subfield code="h">Kingston-upon-Hull</subfield>
      <subfield code="9">(DE-588)13699-2</subfield>
    </datafield>
    <datafield ind1="-" ind2="1" tag="331">
      <subfield code="a">International journal of social economics</subfield>
    </datafield>
    <datafield ind1="-" ind2="1" tag="335">
      <subfield code="a">SE</subfield>
    </datafield>
    <datafield ind1="-" ind2="1" tag="359">
      <subfield code="a">International Institute of Social Economics</subfield>
    </datafield>
    <datafield ind1="a" ind2="1" tag="370">
      <subfield code="a">SE</subfield>
    </datafield>
    <datafield ind1="a" ind2="1" tag="370">
      <subfield code="a">Social economics</subfield>
    </datafield>
    <datafield ind1="a" ind2="1" tag="370">
      <subfield code="a">IJSE</subfield>
    </datafield>
    <datafield ind1="-" ind2="1" tag="405">
      <subfield code="a">1.1974 -</subfield>
    </datafield>
    <datafield ind1="-" ind2="1" tag="410">
      <subfield code="a">Bradford</subfield>
    </datafield>
    <datafield ind1="-" ind2="1" tag="412">
      <subfield code="a">MCB Publ.</subfield>
    </datafield>
    <datafield ind1="b" ind2="1" tag="425">
      <subfield code="a">1974</subfield>
    </datafield>
    <datafield ind1="-" ind2="1" tag="505">
      <subfield code="p">Nebent.</subfield>
      <subfield code="a">Social economics. IJSE</subfield>
    </datafield>
    <datafield ind1="z" ind2="1" tag="527">
      <subfield code="p">Internetausg. ---&gt;</subfield>
      <subfield code="a">International journal of social economics</subfield>
      <subfield code="9">2014271-7</subfield>
    </datafield>
    <datafield ind1="a" ind2="1" tag="542">
      <subfield code="a">0306-8293</subfield>
    </datafield>
    <datafield ind1="z" ind2="1" tag="700">
      <subfield code="a">600</subfield>
    </datafield>
    <datafield ind1="z" ind2="1" tag="700">
      <subfield code="a">620</subfield>
    </datafield>
    <datafield ind1="z" ind2="1" tag="700">
      <subfield code="a">630</subfield>
    </datafield>
    <datafield ind1="-" ind2="1" tag="710">
      <subfield code="a">Wirtschaftswissenschaften - Wirtschaftspolitik, internationale - Zeitschriften</subfield>
    </datafield>
    <datafield ind1="-" ind2="1" tag="SG1">
      <subfield code="a">600</subfield>
    </datafield>
    <controlfield tag="SYS">000315721</controlfield>
    <datafield ind1=" " ind2="9" tag="071">
      <subfield code="a">AKW</subfield>
      <subfield code="2">XAW1</subfield>
    </datafield>
    <datafield ind1=" " ind2="9" tag="200">
      <subfield code="b">3.1976 - 24.1997</subfield>
      <subfield code="f">B61241</subfield>
      <subfield code="g">ZSabg</subfield>
      <subfield code="2">AKW</subfield>
    </datafield>
    <datafield ind1=" " ind2="9" tag="NTU">
      <subfield code="a">FSW-Bestand</subfield>
      <subfield code="2">XAW1</subfield>
    </datafield>
    <datafield ind1=" " ind2="9" tag="OWN">
      <subfield code="a">XAW1</subfield>
    </datafield>
    <datafield ind1=" " ind2=" " tag="AVA">
      <subfield code="a">AKW50</subfield>
      <subfield code="b">XAW1</subfield>
      <subfield code="c">Magazin 1</subfield>
      <subfield code="d">B61241/1995</subfield>
      <subfield code="e">available</subfield>
      <subfield code="t">Verf&#xFC;gbar</subfield>
      <subfield code="f">23</subfield>
      <subfield code="g">0</subfield>
      <subfield code="h">Y</subfield>
      <subfield code="i">0</subfield>
      <subfield code="j">MAG1</subfield>
    </datafield>
    <datafield ind1="-" ind2="2" tag="Z30">
      <subfield code="1">XAW1</subfield>
      <subfield code="2">MAG1</subfield>
      <subfield code="3">B61241/1976,77</subfield>
      <subfield code="b">1976/1977</subfield>
      <subfield code="h">3/4. 1976/77</subfield>
    </datafield>
    <datafield ind1="-" ind2="2" tag="Z30">
      <subfield code="1">XAW1</subfield>
      <subfield code="2">MAG1</subfield>
      <subfield code="3">B61241/1978</subfield>
      <subfield code="b">1978</subfield>
      <subfield code="h">5. 1978</subfield>
    </datafield>
    <datafield ind1="-" ind2="2" tag="Z30">
      <subfield code="1">XAW1</subfield>
      <subfield code="2">MAG1</subfield>
      <subfield code="3">B61241/1979</subfield>
      <subfield code="b">1979</subfield>
      <subfield code="h">6. 1979</subfield>
    </datafield>
    <datafield ind1="-" ind2="2" tag="Z30">
      <subfield code="1">XAW1</subfield>
      <subfield code="2">MAG1</subfield>
      <subfield code="3">B61241/1980</subfield>
      <subfield code="b">1980</subfield>
      <subfield code="h">7. 1980</subfield>
    </datafield>
    <datafield ind1="-" ind2="2" tag="Z30">
      <subfield code="1">XAW1</subfield>
      <subfield code="2">MAG1</subfield>
      <subfield code="3">B61241/1981</subfield>
      <subfield code="b">1981</subfield>
      <subfield code="h">8. 1981</subfield>
    </datafield>
    <datafield ind1="-" ind2="2" tag="Z30">
      <subfield code="1">XAW1</subfield>
      <subfield code="2">MAG1</subfield>
      <subfield code="3">B61241/1982</subfield>
      <subfield code="b">1982</subfield>
      <subfield code="h">9. 1982</subfield>
    </datafield>
    <datafield ind1="-" ind2="2" tag="Z30">
      <subfield code="1">XAW1</subfield>
      <subfield code="2">MAG1</subfield>
      <subfield code="3">B61241/1983</subfield>
      <subfield code="b">1983</subfield>
      <subfield code="h">10. 1983</subfield>
    </datafield>
    <datafield ind1="-" ind2="2" tag="Z30">
      <subfield code="1">XAW1</subfield>
      <subfield code="2">MAG1</subfield>
      <subfield code="3">B61241/1984</subfield>
      <subfield code="b">1984</subfield>
      <subfield code="h">11. 1984</subfield>
    </datafield>
    <datafield ind1="-" ind2="2" tag="Z30">
      <subfield code="1">XAW1</subfield>
      <subfield code="2">MAG1</subfield>
      <subfield code="3">B61241/1985</subfield>
      <subfield code="b">1985</subfield>
      <subfield code="h">12. 1985</subfield>
    </datafield>
    <datafield ind1="-" ind2="2" tag="Z30">
      <subfield code="1">XAW1</subfield>
      <subfield code="2">MAG1</subfield>
      <subfield code="3">B61241/1986</subfield>
      <subfield code="b">1986</subfield>
      <subfield code="h">13. 1986</subfield>
    </datafield>
    <datafield ind1="-" ind2="2" tag="Z30">
      <subfield code="1">XAW1</subfield>
      <subfield code="2">MAG1</subfield>
      <subfield code="3">B61241/1987</subfield>
      <subfield code="b">1987</subfield>
      <subfield code="h">14. 1987</subfield>
    </datafield>
    <datafield ind1="-" ind2="2" tag="Z30">
      <subfield code="1">XAW1</subfield>
      <subfield code="2">MAG1</subfield>
      <subfield code="3">B61241/1988</subfield>
      <subfield code="b">1988</subfield>
      <subfield code="h">15. 1988</subfield>
    </datafield>
    <datafield ind1="-" ind2="2" tag="Z30">
      <subfield code="1">XAW1</subfield>
      <subfield code="2">MAG1</subfield>
      <subfield code="3">B61241/1989</subfield>
      <subfield code="b">1989</subfield>
      <subfield code="h">16. 1989</subfield>
    </datafield>
    <datafield ind1="-" ind2="2" tag="Z30">
      <subfield code="1">XAW1</subfield>
      <subfield code="2">MAG1</subfield>
      <subfield code="3">B61241/1989,1993</subfield>
      <subfield code="b">1989/1993</subfield>
      <subfield code="h">16/20. 1989/93</subfield>
    </datafield>
    <datafield ind1="-" ind2="2" tag="Z30">
      <subfield code="1">XAW1</subfield>
      <subfield code="2">MAG1</subfield>
      <subfield code="3">B61241/1989,1994</subfield>
      <subfield code="b">1989/1994</subfield>
      <subfield code="h">16/21. 1989/94</subfield>
    </datafield>
    <datafield ind1="-" ind2="2" tag="Z30">
      <subfield code="1">XAW1</subfield>
      <subfield code="2">MAG1</subfield>
      <subfield code="3">B61241/1990</subfield>
      <subfield code="b">1990</subfield>
      <subfield code="h">17. 1990</subfield>
    </datafield>
    <datafield ind1="-" ind2="2" tag="Z30">
      <subfield code="1">XAW1</subfield>
      <subfield code="2">MAG1</subfield>
      <subfield code="3">B61241/1991</subfield>
      <subfield code="b">1991</subfield>
      <subfield code="h">18. 1991</subfield>
    </datafield>
    <datafield ind1="-" ind2="2" tag="Z30">
      <subfield code="1">XAW1</subfield>
      <subfield code="2">MAG1</subfield>
      <subfield code="3">B61241/1992</subfield>
      <subfield code="b">1992</subfield>
      <subfield code="h">19. 1992</subfield>
    </datafield>
    <datafield ind1="-" ind2="2" tag="Z30">
      <subfield code="1">XAW1</subfield>
      <subfield code="2">MAG1</subfield>
      <subfield code="3">B61241/1993</subfield>
      <subfield code="b">1993</subfield>
      <subfield code="h">20. 1993</subfield>
    </datafield>
    <datafield ind1="-" ind2="2" tag="Z30">
      <subfield code="1">XAW1</subfield>
      <subfield code="2">MAG1</subfield>
      <subfield code="3">B61241/1994</subfield>
      <subfield code="b">1994</subfield>
      <subfield code="h">21. 1994</subfield>
    </datafield>
    <datafield ind1="-" ind2="2" tag="Z30">
      <subfield code="1">XAW1</subfield>
      <subfield code="2">MAG1</subfield>
      <subfield code="3">B61241/1995</subfield>
      <subfield code="b">1995</subfield>
      <subfield code="h">22. 1995</subfield>
    </datafield>
    <datafield ind1="-" ind2="2" tag="Z30">
      <subfield code="1">XAW1</subfield>
      <subfield code="2">MAG1</subfield>
      <subfield code="3">B61241/1996</subfield>
      <subfield code="b">1996</subfield>
      <subfield code="h">23. 1996</subfield>
    </datafield>
    <datafield ind1="-" ind2="2" tag="Z30">
      <subfield code="1">XAW1</subfield>
      <subfield code="2">MAG1</subfield>
      <subfield code="3">B61241/1997</subfield>
      <subfield code="b">1997</subfield>
      <subfield code="h">24. 1997</subfield>
    </datafield>
  </record>