
  <record>
    <leader>-----nM2.01000024------h</leader>
    <controlfield tag="LDR">-----nM2.01000024------h</controlfield>
    <controlfield tag="FMT">MH</controlfield>
    <datafield ind1="-" ind2="1" tag="001">
      <subfield code="a">AC06370747</subfield>
    </datafield>
    <controlfield tag="030">a|1ucr|||||37</controlfield>
    <datafield ind1="a" ind2="1" tag="036">
      <subfield code="a">AT</subfield>
    </datafield>
    <datafield ind1="b" ind2="1" tag="037">
      <subfield code="a">ger</subfield>
    </datafield>
    <controlfield tag="050">a|a|||||||||||</controlfield>
    <controlfield tag="051">sk||w|||</controlfield>
    <datafield ind1="s" ind2="1" tag="076">
      <subfield code="a">12</subfield>
    </datafield>
    <datafield ind1="b" ind2="1" tag="100">
      <subfield code="a">Chaloupek, G&#xFC;nther</subfield>
      <subfield code="b">[Hrsg.]</subfield>
    </datafield>
    <datafield ind1="b" ind2="1" tag="200">
      <subfield code="k">Kammer f&#xFC;r Arbeiter und Angestellte f&#xFC;r Wien</subfield>
      <subfield code="9">(DE-588)2015235-8</subfield>
    </datafield>
    <datafield ind1="-" ind2="1" tag="331">
      <subfield code="a">Ende der Stagnation?</subfield>
    </datafield>
    <datafield ind1="-" ind2="1" tag="335">
      <subfield code="a">wirtschaftspolitische Perspektiven f&#xFC;r mehr Wachstum und Besch&#xE4;ftigung in Europa ; Tagung der Kammer f&#xFC;r Arbeiter und Angestellte f&#xFC;r Wien und des Instituts f&#xFC;r Makro&#xF6;konomie und Konjunkturforschung (IMK) in der Hans-B&#xF6;ckler-Stiftung, D&#xFC;sseldorf</subfield>
    </datafield>
    <datafield ind1="-" ind2="1" tag="359">
      <subfield code="a">G&#xFC;nther Chaloupek ... (Hrsg.)</subfield>
    </datafield>
    <datafield ind1="-" ind2="1" tag="410">
      <subfield code="a">Wien</subfield>
    </datafield>
    <datafield ind1="-" ind2="1" tag="412">
      <subfield code="a">LexisNexis-Verl. ARD Orac</subfield>
    </datafield>
    <datafield ind1="a" ind2="1" tag="425">
      <subfield code="a">2007</subfield>
    </datafield>
    <datafield ind1="-" ind2="1" tag="433">
      <subfield code="a">153 S.</subfield>
    </datafield>
    <datafield ind1="-" ind2="1" tag="434">
      <subfield code="a">graph. Darst.</subfield>
    </datafield>
    <datafield ind1="-" ind2="1" tag="435">
      <subfield code="a">24 cm</subfield>
    </datafield>
    <datafield ind1="-" ind2="1" tag="451">
      <subfield code="a">Reihe Wirtschaftswissenschaftliche Tagungen der Arbeiterkammer Wien ; 12</subfield>
    </datafield>
    <datafield ind1="r" ind2="1" tag="453">
      <subfield code="a">AC00766881</subfield>
    </datafield>
    <datafield ind1="b" ind2="1" tag="454">
      <subfield code="a">Kammer f&#xFC;r Arbeiter und Angestellte &lt;Wien&gt;: Reihe Wirtschaftswissenschaftliche Tagungen der Arbeiterkammer Wien</subfield>
    </datafield>
    <datafield ind1="-" ind2="1" tag="455">
      <subfield code="a">12</subfield>
    </datafield>
    <datafield ind1="-" ind2="1" tag="456">
      <subfield code="a">12</subfield>
    </datafield>
    <datafield ind1="-" ind2="1" tag="517">
      <subfield code="a">Literaturangaben</subfield>
    </datafield>
    <datafield ind1="a" ind2="1" tag="540">
      <subfield code="a">978-3-7007-3731-5</subfield>
      <subfield code="b">kart. : EUR 23,00</subfield>
    </datafield>
    <datafield ind1="-" ind2="1" tag="580">
      <subfield code="a">OeB2008,A,02 330</subfield>
    </datafield>
    <datafield ind1="e" ind2="1" tag="655">
      <subfield code="m">V:AT-OBV;B:AT-OeNB</subfield>
      <subfield code="q">application/pdf</subfield>
      <subfield code="u">http://media.obvsg.at/AC06370747-1001</subfield>
      <subfield code="x">ONB-IV</subfield>
      <subfield code="3">Inhaltsverzeichnis</subfield>
      <subfield code="A">2</subfield>
    </datafield>
    <datafield ind1="b" ind2="1" tag="700">
      <subfield code="a">338.94</subfield>
      <subfield code="c">22</subfield>
      <subfield code="z">UBWFRL</subfield>
    </datafield>
    <datafield ind1="f" ind2="1" tag="700">
      <subfield code="a">83.30</subfield>
      <subfield code="b">Wirtschaftsentwicklung, Wirtschaftsstruktur: Allgemeines</subfield>
    </datafield>
    <datafield ind1="g" ind2="1" tag="700">
      <subfield code="a">QM 430</subfield>
      <subfield code="O">Automatisch aus BVB_2012-06 2013-05-27</subfield>
    </datafield>
    <datafield ind1="-" ind2="1" tag="SG1">
      <subfield code="a">600</subfield>
    </datafield>
    <datafield ind1="-" ind2="1" tag="902">
      <subfield code="k">Europ&#xE4;ische Union</subfield>
      <subfield code="9">(DE-588)5098525-5</subfield>
    </datafield>
    <datafield ind1="-" ind2="1" tag="902">
      <subfield code="s">Wirtschaftspolitik</subfield>
      <subfield code="9">(DE-588)4066493-4</subfield>
    </datafield>
    <datafield ind1="-" ind2="1" tag="902">
      <subfield code="f">Kongress</subfield>
    </datafield>
    <datafield ind1="-" ind2="1" tag="902">
      <subfield code="g">Wien &lt;2006&gt;</subfield>
    </datafield>
    <controlfield tag="SYS">000317412</controlfield>
    <datafield ind1=" " ind2=" " tag="KOR">
      <subfield code="k">Kammer f&#xFC;r Arbeiter und Angestellte Wien</subfield>
      <subfield code="9">(DE-588)2015235-8</subfield>
    </datafield>
    <datafield ind1=" " ind2=" " tag="KOR">
      <subfield code="k">Kammer f&#xFC;r Arbeiter und Angestellte f&#xFC;r Wien</subfield>
      <subfield code="b">Pressestelle</subfield>
      <subfield code="9">(DE-588)2015235-8</subfield>
    </datafield>
    <datafield ind1=" " ind2=" " tag="KOR">
      <subfield code="k">Arbeiterkammer Wien</subfield>
      <subfield code="9">(DE-588)2015235-8</subfield>
    </datafield>
    <datafield ind1=" " ind2=" " tag="KOR">
      <subfield code="k">Kammer f&#xFC;r Arbeiter und Angestellte in Wien</subfield>
      <subfield code="9">(DE-588)2015235-8</subfield>
    </datafield>
    <datafield ind1=" " ind2=" " tag="KOR">
      <subfield code="k">Arbeiterkammer in Wien</subfield>
      <subfield code="9">(DE-588)2015235-8</subfield>
    </datafield>
    <datafield ind1=" " ind2=" " tag="KOR">
      <subfield code="9">(DE-588)4073178-9</subfield>
    </datafield>
    <datafield ind1=" " ind2=" " tag="KOR">
      <subfield code="k">Kammer f&#xFC;r Arbeiter und Angestellte</subfield>
      <subfield code="h">Wien</subfield>
      <subfield code="9">(DE-588)2015235-8</subfield>
    </datafield>
    <datafield ind1=" " ind2=" " tag="KOR">
      <subfield code="k">Wiener Kammer f&#xFC;r Arbeiter und Angestellte</subfield>
      <subfield code="9">(DE-588)2015235-8</subfield>
    </datafield>
    <datafield ind1=" " ind2=" " tag="KOR">
      <subfield code="k">Wiener Arbeiterkammer</subfield>
      <subfield code="9">(DE-588)2015235-8</subfield>
    </datafield>
    <datafield ind1=" " ind2=" " tag="KOR">
      <subfield code="k">Palata Truda</subfield>
      <subfield code="h">Wien</subfield>
      <subfield code="9">(DE-588)2015235-8</subfield>
    </datafield>
    <datafield ind1=" " ind2=" " tag="KOR">
      <subfield code="k">Chambers of Labour</subfield>
      <subfield code="9">(DE-588)2015235-8</subfield>
    </datafield>
    <datafield ind1=" " ind2=" " tag="KOR">
      <subfield code="k">Chambres du Travail</subfield>
      <subfield code="9">(DE-588)2015235-8</subfield>
    </datafield>
    <datafield ind1=" " ind2=" " tag="KOR">
      <subfield code="k">AK</subfield>
      <subfield code="9">(DE-588)2015235-8</subfield>
    </datafield>
    <datafield ind1=" " ind2=" " tag="KOR">
      <subfield code="k">AK Wien</subfield>
      <subfield code="9">(DE-588)2015235-8</subfield>
    </datafield>
    <datafield ind1=" " ind2=" " tag="SWD">
      <subfield code="s">Volkswirtschaftspolitik</subfield>
      <subfield code="9">(DE-588)4066493-4</subfield>
    </datafield>
    <datafield ind1=" " ind2=" " tag="SWD">
      <subfield code="s">Allgemeine Wirtschaftspolitik</subfield>
      <subfield code="9">(DE-588)4066493-4</subfield>
    </datafield>
    <datafield ind1=" " ind2=" " tag="BKL">
      <subfield code="a">Wirtschaftsentwicklung</subfield>
    </datafield>
    <datafield ind1=" " ind2=" " tag="BKL">
      <subfield code="a">Wirtschaftsstruktur: Allgemeines</subfield>
    </datafield>
    <datafield ind1=" " ind2=" " tag="BKL">
      <subfield code="a">economic development, economic structure: general</subfield>
    </datafield>
    <datafield ind1=" " ind2=" " tag="BKL">
      <subfield code="a">L&#xE4;nderstudien (Volkswirtschaft)</subfield>
    </datafield>
    <datafield ind1=" " ind2=" " tag="BKL">
      <subfield code="a">empirische Strukturforschung</subfield>
    </datafield>
    <datafield ind1=" " ind2=" " tag="BKL">
      <subfield code="a">Wirtschaftspolitik einzelner L&#xE4;nder</subfield>
    </datafield>
    <datafield ind1=" " ind2=" " tag="SWD">
      <subfield code="s">Volkswirtschaftspolitik</subfield>
      <subfield code="9">(DE-588)4066493-4</subfield>
    </datafield>
    <datafield ind1=" " ind2=" " tag="SWD">
      <subfield code="s">Allgemeine Wirtschaftspolitik</subfield>
      <subfield code="9">(DE-588)4066493-4</subfield>
    </datafield>
    <datafield ind1=" " ind2=" " tag="SWD">
      <subfield code="k">Eur&#x14D;pai&#x34F;&#x308;ke En&#x14D;s&#x113;</subfield>
      <subfield code="9">(DE-588)5098525-5</subfield>
    </datafield>
    <datafield ind1=" " ind2=" " tag="SWD">
      <subfield code="9">(DE-588)4131753-1</subfield>
    </datafield>
    <datafield ind1=" " ind2=" " tag="SWD">
      <subfield code="k">Union europ&#xE9;enne</subfield>
      <subfield code="9">(DE-588)5098525-5</subfield>
    </datafield>
    <datafield ind1=" " ind2=" " tag="SWD">
      <subfield code="k">European Union</subfield>
      <subfield code="9">(DE-588)5098525-5</subfield>
    </datafield>
    <datafield ind1=" " ind2=" " tag="SWD">
      <subfield code="k">Uni&#xF3;n Europea</subfield>
      <subfield code="9">(DE-588)5098525-5</subfield>
    </datafield>
    <datafield ind1=" " ind2=" " tag="SWD">
      <subfield code="k">Europaeiske Union</subfield>
      <subfield code="9">(DE-588)5098525-5</subfield>
    </datafield>
    <datafield ind1=" " ind2=" " tag="SWD">
      <subfield code="k">Union Europea</subfield>
      <subfield code="9">(DE-588)5098525-5</subfield>
    </datafield>
    <datafield ind1=" " ind2=" " tag="SWD">
      <subfield code="k">Unione Europea</subfield>
      <subfield code="9">(DE-588)5098525-5</subfield>
    </datafield>
    <datafield ind1=" " ind2=" " tag="SWD">
      <subfield code="k">Europese Unie</subfield>
      <subfield code="9">(DE-588)5098525-5</subfield>
    </datafield>
    <datafield ind1=" " ind2=" " tag="SWD">
      <subfield code="k">Uni&#xE3;o Europeia</subfield>
      <subfield code="9">(DE-588)5098525-5</subfield>
    </datafield>
    <datafield ind1=" " ind2=" " tag="SWD">
      <subfield code="k">Aontas Eorpach</subfield>
      <subfield code="9">(DE-588)5098525-5</subfield>
    </datafield>
    <datafield ind1=" " ind2=" " tag="SWD">
      <subfield code="k">Europska Unija</subfield>
      <subfield code="9">(DE-588)5098525-5</subfield>
    </datafield>
    <datafield ind1=" " ind2=" " tag="SWD">
      <subfield code="k">Unia Europejska</subfield>
      <subfield code="9">(DE-588)5098525-5</subfield>
    </datafield>
    <datafield ind1=" " ind2=" " tag="SWD">
      <subfield code="k">Europos Sa&#x31C;junga</subfield>
      <subfield code="9">(DE-588)5098525-5</subfield>
    </datafield>
    <datafield ind1=" " ind2=" " tag="SWD">
      <subfield code="k">ES</subfield>
      <subfield code="9">(DE-588)5098525-5</subfield>
    </datafield>
    <datafield ind1=" " ind2=" " tag="SWD">
      <subfield code="k">Eiropas Savien&#x12B;ba</subfield>
      <subfield code="9">(DE-588)5098525-5</subfield>
    </datafield>
    <datafield ind1=" " ind2=" " tag="SWD">
      <subfield code="k">Uni&#xF3; Europea</subfield>
      <subfield code="9">(DE-588)5098525-5</subfield>
    </datafield>
    <datafield ind1=" " ind2=" " tag="SWD">
      <subfield code="k">Evropsk&#xE1; Unie</subfield>
      <subfield code="9">(DE-588)5098525-5</subfield>
    </datafield>
    <datafield ind1=" " ind2=" " tag="SWD">
      <subfield code="k">Avrupa Birli&#x11F;i</subfield>
      <subfield code="9">(DE-588)5098525-5</subfield>
    </datafield>
    <datafield ind1=" " ind2=" " tag="SWD">
      <subfield code="k">Evropejskoe Soob&#x161;&#x10D;estvo</subfield>
      <subfield code="9">(DE-588)5098525-5</subfield>
    </datafield>
    <datafield ind1=" " ind2=" " tag="SWD">
      <subfield code="k">Eur&#xF3;pai Uni&#xF3;</subfield>
      <subfield code="9">(DE-588)5098525-5</subfield>
    </datafield>
    <datafield ind1=" " ind2=" " tag="SWD">
      <subfield code="k">Uniunea European&#x103;</subfield>
      <subfield code="9">(DE-588)5098525-5</subfield>
    </datafield>
    <datafield ind1=" " ind2=" " tag="SWD">
      <subfield code="k">EU</subfield>
      <subfield code="9">(DE-588)5098525-5</subfield>
    </datafield>
    <datafield ind1=" " ind2=" " tag="SWD">
      <subfield code="k">EM</subfield>
      <subfield code="9">(DE-588)5098525-5</subfield>
    </datafield>
    <datafield ind1=" " ind2=" " tag="SWD">
      <subfield code="k">Eur&#x14D;pai&#x34F;&#x308;ke En&#x14D;s&#x113;</subfield>
      <subfield code="9">(DE-588)5098525-5</subfield>
    </datafield>
    <datafield ind1=" " ind2=" " tag="SWD">
      <subfield code="9">(DE-588)4131753-1</subfield>
    </datafield>
    <datafield ind1=" " ind2=" " tag="SWD">
      <subfield code="k">Union europ&#xE9;enne</subfield>
      <subfield code="9">(DE-588)5098525-5</subfield>
    </datafield>
    <datafield ind1=" " ind2=" " tag="SWD">
      <subfield code="k">European Union</subfield>
      <subfield code="9">(DE-588)5098525-5</subfield>
    </datafield>
    <datafield ind1=" " ind2=" " tag="SWD">
      <subfield code="k">Uni&#xF3;n Europea</subfield>
      <subfield code="9">(DE-588)5098525-5</subfield>
    </datafield>
    <datafield ind1=" " ind2=" " tag="SWD">
      <subfield code="k">Europaeiske Union</subfield>
      <subfield code="9">(DE-588)5098525-5</subfield>
    </datafield>
    <datafield ind1=" " ind2=" " tag="SWD">
      <subfield code="k">Union Europea</subfield>
      <subfield code="9">(DE-588)5098525-5</subfield>
    </datafield>
    <datafield ind1=" " ind2=" " tag="SWD">
      <subfield code="k">Unione Europea</subfield>
      <subfield code="9">(DE-588)5098525-5</subfield>
    </datafield>
    <datafield ind1=" " ind2=" " tag="SWD">
      <subfield code="k">Europese Unie</subfield>
      <subfield code="9">(DE-588)5098525-5</subfield>
    </datafield>
    <datafield ind1=" " ind2=" " tag="SWD">
      <subfield code="k">Uni&#xE3;o Europeia</subfield>
      <subfield code="9">(DE-588)5098525-5</subfield>
    </datafield>
    <datafield ind1=" " ind2=" " tag="SWD">
      <subfield code="k">Aontas Eorpach</subfield>
      <subfield code="9">(DE-588)5098525-5</subfield>
    </datafield>
    <datafield ind1=" " ind2=" " tag="SWD">
      <subfield code="k">Europska Unija</subfield>
      <subfield code="9">(DE-588)5098525-5</subfield>
    </datafield>
    <datafield ind1=" " ind2=" " tag="SWD">
      <subfield code="k">Unia Europejska</subfield>
      <subfield code="9">(DE-588)5098525-5</subfield>
    </datafield>
    <datafield ind1=" " ind2=" " tag="SWD">
      <subfield code="k">Europos Sa&#x31C;junga</subfield>
      <subfield code="9">(DE-588)5098525-5</subfield>
    </datafield>
    <datafield ind1=" " ind2=" " tag="SWD">
      <subfield code="k">ES</subfield>
      <subfield code="9">(DE-588)5098525-5</subfield>
    </datafield>
    <datafield ind1=" " ind2=" " tag="SWD">
      <subfield code="k">Eiropas Savien&#x12B;ba</subfield>
      <subfield code="9">(DE-588)5098525-5</subfield>
    </datafield>
    <datafield ind1=" " ind2=" " tag="SWD">
      <subfield code="k">Uni&#xF3; Europea</subfield>
      <subfield code="9">(DE-588)5098525-5</subfield>
    </datafield>
    <datafield ind1=" " ind2=" " tag="SWD">
      <subfield code="k">Evropsk&#xE1; Unie</subfield>
      <subfield code="9">(DE-588)5098525-5</subfield>
    </datafield>
    <datafield ind1=" " ind2=" " tag="SWD">
      <subfield code="k">Avrupa Birli&#x11F;i</subfield>
      <subfield code="9">(DE-588)5098525-5</subfield>
    </datafield>
    <datafield ind1=" " ind2=" " tag="SWD">
      <subfield code="k">Evropejskoe Soob&#x161;&#x10D;estvo</subfield>
      <subfield code="9">(DE-588)5098525-5</subfield>
    </datafield>
    <datafield ind1=" " ind2=" " tag="SWD">
      <subfield code="k">Eur&#xF3;pai Uni&#xF3;</subfield>
      <subfield code="9">(DE-588)5098525-5</subfield>
    </datafield>
    <datafield ind1=" " ind2=" " tag="SWD">
      <subfield code="k">Uniunea European&#x103;</subfield>
      <subfield code="9">(DE-588)5098525-5</subfield>
    </datafield>
    <datafield ind1=" " ind2=" " tag="SWD">
      <subfield code="k">EU</subfield>
      <subfield code="9">(DE-588)5098525-5</subfield>
    </datafield>
    <datafield ind1=" " ind2=" " tag="SWD">
      <subfield code="k">EM</subfield>
      <subfield code="9">(DE-588)5098525-5</subfield>
    </datafield>
    <datafield ind1=" " ind2=" " tag="KOR">
      <subfield code="k">Kammer f&#xFC;r Arbeiter und Angestellte Wien</subfield>
      <subfield code="9">(DE-588)2015235-8</subfield>
    </datafield>
    <datafield ind1=" " ind2=" " tag="KOR">
      <subfield code="k">Kammer f&#xFC;r Arbeiter und Angestellte f&#xFC;r Wien</subfield>
      <subfield code="b">Pressestelle</subfield>
      <subfield code="9">(DE-588)2015235-8</subfield>
    </datafield>
    <datafield ind1=" " ind2=" " tag="KOR">
      <subfield code="k">Arbeiterkammer Wien</subfield>
      <subfield code="9">(DE-588)2015235-8</subfield>
    </datafield>
    <datafield ind1=" " ind2=" " tag="KOR">
      <subfield code="k">Kammer f&#xFC;r Arbeiter und Angestellte in Wien</subfield>
      <subfield code="9">(DE-588)2015235-8</subfield>
    </datafield>
    <datafield ind1=" " ind2=" " tag="KOR">
      <subfield code="k">Arbeiterkammer in Wien</subfield>
      <subfield code="9">(DE-588)2015235-8</subfield>
    </datafield>
    <datafield ind1=" " ind2=" " tag="KOR">
      <subfield code="9">(DE-588)4073178-9</subfield>
    </datafield>
    <datafield ind1=" " ind2=" " tag="KOR">
      <subfield code="k">Kammer f&#xFC;r Arbeiter und Angestellte</subfield>
      <subfield code="h">Wien</subfield>
      <subfield code="9">(DE-588)2015235-8</subfield>
    </datafield>
    <datafield ind1=" " ind2=" " tag="KOR">
      <subfield code="k">Wiener Kammer f&#xFC;r Arbeiter und Angestellte</subfield>
      <subfield code="9">(DE-588)2015235-8</subfield>
    </datafield>
    <datafield ind1=" " ind2=" " tag="KOR">
      <subfield code="k">Wiener Arbeiterkammer</subfield>
      <subfield code="9">(DE-588)2015235-8</subfield>
    </datafield>
    <datafield ind1=" " ind2=" " tag="KOR">
      <subfield code="k">Palata Truda</subfield>
      <subfield code="h">Wien</subfield>
      <subfield code="9">(DE-588)2015235-8</subfield>
    </datafield>
    <datafield ind1=" " ind2=" " tag="KOR">
      <subfield code="k">Chambers of Labour</subfield>
      <subfield code="9">(DE-588)2015235-8</subfield>
    </datafield>
    <datafield ind1=" " ind2=" " tag="KOR">
      <subfield code="k">Chambres du Travail</subfield>
      <subfield code="9">(DE-588)2015235-8</subfield>
    </datafield>
    <datafield ind1=" " ind2=" " tag="KOR">
      <subfield code="k">AK</subfield>
      <subfield code="9">(DE-588)2015235-8</subfield>
    </datafield>
    <datafield ind1=" " ind2=" " tag="KOR">
      <subfield code="k">AK Wien</subfield>
      <subfield code="9">(DE-588)2015235-8</subfield>
    </datafield>
    <datafield ind1=" " ind2=" " tag="AVA">
      <subfield code="a">AKW50</subfield>
      <subfield code="b">XAW1</subfield>
      <subfield code="c">Hauptmagazin</subfield>
      <subfield code="d">B130901</subfield>
      <subfield code="e">available</subfield>
      <subfield code="t">Verf&#xFC;gbar</subfield>
      <subfield code="f">2</subfield>
      <subfield code="g">0</subfield>
      <subfield code="h">N</subfield>
      <subfield code="i">0</subfield>
      <subfield code="j">MAG1</subfield>
    </datafield>
    <datafield ind1="-" ind2="1" tag="Z30">
      <subfield code="1">XAW1</subfield>
      <subfield code="2">MAG1</subfield>
      <subfield code="3">B130901</subfield>
    </datafield>
    <datafield ind1="-" ind2="1" tag="Z30">
      <subfield code="1">XAW1</subfield>
      <subfield code="2">MAG1</subfield>
      <subfield code="3">B130901</subfield>
    </datafield>
  </record>
  <record>
    <leader>00000nM2.01200024------u</leader>
    <controlfield tag="LDR">00000nM2.01200024------u</controlfield>
    <controlfield tag="FMT">MU</controlfield>
    <datafield ind1="-" ind2="1" tag="001">
      <subfield code="a">AC06409261</subfield>
    </datafield>
    <datafield ind1="-" ind2="2" tag="001">
      <subfield code="a">AC00470658</subfield>
    </datafield>
    <datafield ind1="-" ind2="1" tag="010">
      <subfield code="a">AC00470658</subfield>
    </datafield>
    <datafield ind1="z" ind2="2" tag="025">
      <subfield code="a">ZDB-4263-8</subfield>
    </datafield>
    <controlfield tag="030">a|1ucr|||||||</controlfield>
    <datafield ind1="a" ind2="1" tag="036">
      <subfield code="a">GB</subfield>
    </datafield>
    <datafield ind1="a" ind2="2" tag="036">
      <subfield code="a">GB</subfield>
      <subfield code="a">US</subfield>
    </datafield>
    <datafield ind1="b" ind2="1" tag="037">
      <subfield code="a">eng</subfield>
    </datafield>
    <datafield ind1="b" ind2="2" tag="037">
      <subfield code="a">eng</subfield>
    </datafield>
    <controlfield tag="050">a|a|||||||||||</controlfield>
    <controlfield tag="051">a|||||||</controlfield>
    <datafield ind1="s" ind2="1" tag="076">
      <subfield code="a">09</subfield>
    </datafield>
    <datafield ind1="b" ind2="2" tag="086">
      <subfield code="a">B43158</subfield>
    </datafield>
    <datafield ind1="c" ind2="2" tag="086">
      <subfield code="a">PerLM</subfield>
    </datafield>
    <datafield ind1="-" ind2="1" tag="089">
      <subfield code="a">2008</subfield>
    </datafield>
    <datafield ind1="i" ind2="1" tag="090">
      <subfield code="a">2008</subfield>
    </datafield>
    <datafield ind1="-" ind2="1" tag="090">
      <subfield code="a">2008</subfield>
    </datafield>
    <datafield ind1="-" ind2="1" tag="331">
      <subfield code="a">Global flashpoints</subfield>
    </datafield>
    <datafield ind1="-" ind2="2" tag="331">
      <subfield code="a">Socialist register</subfield>
    </datafield>
    <datafield ind1="-" ind2="1" tag="335">
      <subfield code="a">reactions to imperialism and neoliberalism</subfield>
    </datafield>
    <datafield ind1="a" ind2="2" tag="370">
      <subfield code="a">&lt;&lt;The&gt;&gt; socialist register</subfield>
    </datafield>
    <datafield ind1="-" ind2="1" tag="403">
      <subfield code="a">1. publ.</subfield>
    </datafield>
    <datafield ind1="-" ind2="2" tag="405">
      <subfield code="a">1.1964 -</subfield>
    </datafield>
    <datafield ind1="-" ind2="2" tag="410">
      <subfield code="a">London</subfield>
    </datafield>
    <datafield ind1="-" ind2="2" tag="412">
      <subfield code="a">Merlin Press</subfield>
    </datafield>
    <datafield ind1="-" ind2="2" tag="415">
      <subfield code="a">New York, NY</subfield>
    </datafield>
    <datafield ind1="-" ind2="2" tag="417">
      <subfield code="a">Monthly Review Press</subfield>
    </datafield>
    <datafield ind1="-" ind2="2" tag="418">
      <subfield code="a">Halifax</subfield>
      <subfield code="g">Fernwood Publ.</subfield>
    </datafield>
    <datafield ind1="-" ind2="2" tag="418">
      <subfield code="a">Rendlesham</subfield>
      <subfield code="g">Merlin Press</subfield>
      <subfield code="h">-1999</subfield>
    </datafield>
    <datafield ind1="-" ind2="2" tag="418">
      <subfield code="a">Atlantic Highlands, NJ</subfield>
      <subfield code="g">Humanities Press</subfield>
      <subfield code="h">-1999</subfield>
    </datafield>
    <datafield ind1="a" ind2="1" tag="425">
      <subfield code="a">2007</subfield>
    </datafield>
    <datafield ind1="b" ind2="2" tag="425">
      <subfield code="a">1964</subfield>
    </datafield>
    <datafield ind1="-" ind2="1" tag="433">
      <subfield code="a">XIII, 362 S.</subfield>
    </datafield>
    <datafield ind1="-" ind2="1" tag="455">
      <subfield code="a">2008</subfield>
    </datafield>
    <datafield ind1="-" ind2="1" tag="456">
      <subfield code="a">2008</subfield>
    </datafield>
    <datafield ind1="-" ind2="2" tag="507">
      <subfield code="a">Hauptsacht. bis 1984: The socialist register</subfield>
    </datafield>
    <datafield ind1="-" ind2="1" tag="517">
      <subfield code="a">Literaturangaben</subfield>
    </datafield>
    <datafield ind1="-" ind2="2" tag="523">
      <subfield code="a">Teils ohne Z&#xE4;hlung; ab 27.1991 Schriftenreihe</subfield>
    </datafield>
    <datafield ind1="z" ind2="2" tag="527">
      <subfield code="p">Online-Ausg. ---&gt;</subfield>
      <subfield code="a">Socialist register</subfield>
      <subfield code="9">2441683-6</subfield>
    </datafield>
    <datafield ind1="a" ind2="1" tag="540">
      <subfield code="a">978-0-85036-587-0</subfield>
      <subfield code="b">(pbk)</subfield>
    </datafield>
    <datafield ind1="a" ind2="1" tag="540">
      <subfield code="a">978-0-85036-586-3</subfield>
      <subfield code="b">(hbk)</subfield>
    </datafield>
    <datafield ind1="a" ind2="1" tag="540">
      <subfield code="a">978-1-55266-254-0</subfield>
      <subfield code="b">(pbk)</subfield>
    </datafield>
    <datafield ind1="a" ind2="1" tag="540">
      <subfield code="a">978-1-58367-167-2</subfield>
      <subfield code="b">(pbk)</subfield>
    </datafield>
    <datafield ind1="a" ind2="2" tag="542">
      <subfield code="a">0081-0606</subfield>
    </datafield>
    <datafield ind1="x" ind2="1" tag="700">
      <subfield code="a">327 Internationale Politik</subfield>
      <subfield code="c">22</subfield>
    </datafield>
    <datafield ind1="x" ind2="2" tag="700">
      <subfield code="a">335 Sozialismus und verwandte Systeme</subfield>
      <subfield code="c">22</subfield>
    </datafield>
    <datafield ind1="z" ind2="2" tag="700">
      <subfield code="a">695</subfield>
    </datafield>
    <datafield ind1="-" ind2="1" tag="SG1">
      <subfield code="a">200</subfield>
    </datafield>
    <datafield ind1="-" ind2="2" tag="SG1">
      <subfield code="a">200</subfield>
    </datafield>
    <datafield ind1="-" ind2="1" tag="902">
      <subfield code="s">Imperialismus</subfield>
      <subfield code="9">(DE-588)4026651-5</subfield>
    </datafield>
    <datafield ind1="-" ind2="1" tag="902">
      <subfield code="s">Protestbewegung</subfield>
      <subfield code="9">(DE-588)4226404-2</subfield>
    </datafield>
    <datafield ind1="-" ind2="1" tag="902">
      <subfield code="f">Aufsatzsammlung</subfield>
    </datafield>
    <datafield ind1="-" ind2="2" tag="902">
      <subfield code="s">Soziologie</subfield>
      <subfield code="9">(DE-588)4077624-4</subfield>
    </datafield>
    <datafield ind1="-" ind2="2" tag="902">
      <subfield code="f">Aufsatzsammlung</subfield>
    </datafield>
    <datafield ind1="-" ind2="1" tag="907">
      <subfield code="s">Neoliberalismus</subfield>
      <subfield code="9">(DE-588)4171438-6</subfield>
    </datafield>
    <datafield ind1="-" ind2="1" tag="907">
      <subfield code="s">Protestbewegung</subfield>
      <subfield code="9">(DE-588)4226404-2</subfield>
    </datafield>
    <datafield ind1="-" ind2="1" tag="907">
      <subfield code="f">Aufsatzsammlung</subfield>
    </datafield>
    <datafield ind1="-" ind2="2" tag="907">
      <subfield code="s">Marxismus</subfield>
      <subfield code="9">(DE-588)4037764-7</subfield>
    </datafield>
    <datafield ind1="-" ind2="2" tag="907">
      <subfield code="f">Aufsatzsammlung</subfield>
    </datafield>
    <datafield ind1="-" ind2="2" tag="912">
      <subfield code="s">Sozialismus</subfield>
      <subfield code="9">(DE-588)4055785-6</subfield>
    </datafield>
    <datafield ind1="-" ind2="2" tag="912">
      <subfield code="f">Aufsatzsammlung</subfield>
    </datafield>
    <controlfield tag="SYS">000317690</controlfield>
    <datafield ind1=" " ind2=" " tag="SWD">
      <subfield code="s">Sozialer Protest</subfield>
      <subfield code="h">Protestbewegung</subfield>
      <subfield code="9">(DE-588)4226404-2</subfield>
    </datafield>
    <datafield ind1=" " ind2=" " tag="SWD">
      <subfield code="s">Sozialer Protest</subfield>
      <subfield code="h">Protestbewegung</subfield>
      <subfield code="9">(DE-588)4226404-2</subfield>
    </datafield>
    <datafield ind1=" " ind2=" " tag="AVA">
      <subfield code="a">AKW50</subfield>
      <subfield code="b">XAW1</subfield>
      <subfield code="c">TGA Magazin</subfield>
      <subfield code="d">X43158/2008</subfield>
      <subfield code="e">available</subfield>
      <subfield code="t">Verf&#xFC;gbar</subfield>
      <subfield code="f">1</subfield>
      <subfield code="g">0</subfield>
      <subfield code="h">Y</subfield>
      <subfield code="i">0</subfield>
      <subfield code="j">MAG2</subfield>
    </datafield>
    <datafield ind1=" " ind2=" " tag="AVA">
      <subfield code="a">AKW50</subfield>
      <subfield code="b">XAW1</subfield>
      <subfield code="c">Fortsetzungsmagazin</subfield>
      <subfield code="d">B43158/2008</subfield>
      <subfield code="e">available</subfield>
      <subfield code="t">Verf&#xFC;gbar</subfield>
      <subfield code="f">1</subfield>
      <subfield code="g">0</subfield>
      <subfield code="h">Y</subfield>
      <subfield code="i">0</subfield>
      <subfield code="j">MAG3</subfield>
    </datafield>
    <datafield ind1="-" ind2="1" tag="Z30">
      <subfield code="1">XAW1</subfield>
      <subfield code="2">MAG3</subfield>
      <subfield code="3">B43158/2008</subfield>
      <subfield code="b">2008</subfield>
      <subfield code="g">14508</subfield>
      <subfield code="h">2008 (2008)</subfield>
    </datafield>
    <datafield ind1="-" ind2="2" tag="Z30">
      <subfield code="1">XAW1</subfield>
      <subfield code="2">MAG2</subfield>
      <subfield code="3">X43158/2008</subfield>
      <subfield code="b">2008</subfield>
      <subfield code="g">18892</subfield>
      <subfield code="h">2008 (2008)</subfield>
    </datafield>
  </record>