
  <record>
    <leader>00626nM2.01200024------h</leader>
    <controlfield tag="LDR">00626nM2.01200024------h</controlfield>
    <controlfield tag="FMT">MH</controlfield>
    <datafield ind1="-" ind2="1" tag="001">
      <subfield code="a">AC02745944</subfield>
    </datafield>
    <datafield ind1="z" ind2="1" tag="025">
      <subfield code="a">ZDB-1043312-0</subfield>
    </datafield>
    <controlfield tag="030">bz1dc||z|||37</controlfield>
    <datafield ind1="a" ind2="1" tag="036">
      <subfield code="a">AT</subfield>
    </datafield>
    <datafield ind1="b" ind2="1" tag="037">
      <subfield code="a">ger</subfield>
    </datafield>
    <controlfield tag="050">a|a|||||||||||</controlfield>
    <controlfield tag="052">z||||||td||||||</controlfield>
    <datafield ind1="s" ind2="1" tag="076">
      <subfield code="a">01</subfield>
    </datafield>
    <datafield ind1="b" ind2="1" tag="086">
      <subfield code="a">D845</subfield>
    </datafield>
    <datafield ind1="c" ind2="1" tag="086">
      <subfield code="a">ZSabg</subfield>
    </datafield>
    <datafield ind1="-" ind2="1" tag="331">
      <subfield code="a">Neuer Kurier</subfield>
    </datafield>
    <datafield ind1="-" ind2="1" tag="335">
      <subfield code="a">Tageszeitung f&#xFC;r &#xD6;sterreich</subfield>
    </datafield>
    <datafield ind1="-" ind2="1" tag="405">
      <subfield code="a">1954,18.Okt. - 1959,13.Juni</subfield>
    </datafield>
    <datafield ind1="-" ind2="1" tag="410">
      <subfield code="a">Wien</subfield>
    </datafield>
    <datafield ind1="b" ind2="1" tag="425">
      <subfield code="a">1954</subfield>
    </datafield>
    <datafield ind1="c" ind2="1" tag="425">
      <subfield code="a">1959</subfield>
    </datafield>
    <datafield ind1="-" ind2="1" tag="510">
      <subfield code="a">Es ersch. ab 26.M&#xE4;rz 1958: Morgen-Ausgabe, Mittag-Ausgabe, Abend-Ausgabe; ab 31.M&#xE4;rz 1958: Montag-Ausg.</subfield>
    </datafield>
    <datafield ind1="-" ind2="1" tag="523">
      <subfield code="a">Erscheinungsweise: t&#xE4;glich au&#xDF;er Sonntag</subfield>
    </datafield>
    <datafield ind1="z" ind2="1" tag="531">
      <subfield code="p">Vorg.</subfield>
      <subfield code="a">Wiener Kurier</subfield>
      <subfield code="9">AC02804448</subfield>
    </datafield>
    <datafield ind1="z" ind2="1" tag="533">
      <subfield code="p">Forts.</subfield>
      <subfield code="a">Kurier</subfield>
      <subfield code="9">AC00951304</subfield>
    </datafield>
    <datafield ind1="a" ind2="1" tag="610">
      <subfield code="a">Auch als Mikrofiche-Ausg. - Ist eine Verfichung von allen vorhandenen Tagesausg. des Kurier-Archivs, Bestandsl&#xFC;cken werden sp&#xE4;ter durch eine Verfichung anderer Archive erg&#xE4;nzt</subfield>
    </datafield>
    <datafield ind1="b" ind2="1" tag="673">
      <subfield code="a">Wien</subfield>
    </datafield>
    <datafield ind1="z" ind2="1" tag="700">
      <subfield code="a">100</subfield>
    </datafield>
    <datafield ind1="b" ind2="1" tag="710">
      <subfield code="a">&#xD6;sterreich</subfield>
    </datafield>
    <datafield ind1="f" ind2="1" tag="710">
      <subfield code="a">Zeitungen</subfield>
    </datafield>
    <datafield ind1="-" ind2="1" tag="SG1">
      <subfield code="a">200</subfield>
    </datafield>
    <controlfield tag="SYS">000318143</controlfield>
    <datafield ind1=" " ind2="9" tag="071">
      <subfield code="a">AKW</subfield>
      <subfield code="2">XAW1</subfield>
    </datafield>
    <datafield ind1=" " ind2="9" tag="200">
      <subfield code="b">1954,18.Okt. - 1959,13.Juni</subfield>
      <subfield code="f">D845</subfield>
      <subfield code="g">ZSabg</subfield>
      <subfield code="2">AKW</subfield>
    </datafield>
    <datafield ind1=" " ind2="9" tag="NTU">
      <subfield code="a">FSW-Bestand</subfield>
      <subfield code="2">XAW1</subfield>
    </datafield>
    <datafield ind1=" " ind2="9" tag="OWN">
      <subfield code="a">XAW1</subfield>
    </datafield>
  </record>