
  <record>
    <leader>00000nM2.01200024------h</leader>
    <controlfield tag="LDR">00000nM2.01200024------h</controlfield>
    <controlfield tag="FMT">MH</controlfield>
    <datafield ind1="-" ind2="1" tag="001">
      <subfield code="a">AC00484398</subfield>
    </datafield>
    <datafield ind1="a" ind2="1" tag="002">
      <subfield code="a">19991118</subfield>
    </datafield>
    <datafield ind1="-" ind2="1" tag="003">
      <subfield code="a">20160713100332</subfield>
    </datafield>
    <datafield ind1="a" ind2="1" tag="025">
      <subfield code="a">010717242</subfield>
    </datafield>
    <datafield ind1="z" ind2="1" tag="025">
      <subfield code="a">126422-9</subfield>
    </datafield>
    <datafield ind1="-" ind2="1" tag="026">
      <subfield code="a">ZDB126422-9</subfield>
    </datafield>
    <controlfield tag="030">a||d|||||||35</controlfield>
    <datafield ind1="a" ind2="1" tag="036">
      <subfield code="a">XA-AAAT</subfield>
      <subfield code="a">XA-AT</subfield>
    </datafield>
    <datafield ind1="b" ind2="1" tag="037">
      <subfield code="a">ger</subfield>
    </datafield>
    <controlfield tag="050">a|a|||||||||||</controlfield>
    <controlfield tag="052">z||||||ad||||||</controlfield>
    <datafield ind1="-" ind2="1" tag="070">
      <subfield code="a">UGL</subfield>
    </datafield>
    <datafield ind1="a" ind2="1" tag="070">
      <subfield code="a">DNB</subfield>
    </datafield>
    <datafield ind1="b" ind2="1" tag="070">
      <subfield code="a">1241</subfield>
    </datafield>
    <datafield ind1="s" ind2="1" tag="076">
      <subfield code="a">01</subfield>
    </datafield>
    <datafield ind1="m" ind2="1" tag="079">
      <subfield code="c">ZDB-ONBBWI</subfield>
      <subfield code="t">Barbara Horstmann [22.05.2013]: Bitte korr. bzw. erg.: zus&#xE4;tzl. Kat.529z|pAb 2007,Dez. Beil. ---&gt;|aForschung|9AC08385461. - 529z|pAb 2011,12.11. Beil. ---&gt;|aFahrstil|9AC10814546. - "Fahrstil" aus Kat.524 herausl&#xF6;schen. - Kat.524|a...; ab 2007,Sept.: Kultur spezial; ab 2013,Nr.19829(11.6.): B&#xFC;roselektion.</subfield>
    </datafield>
    <datafield ind1="m" ind2="1" tag="079">
      <subfield code="c">ZDB-UBGHUE</subfield>
      <subfield code="t">Rosina Harrer [22.8.2014] Bitte in Kategorie "050" "c" einf&#xFC;gen.</subfield>
    </datafield>
    <datafield ind1="m" ind2="1" tag="079">
      <subfield code="c">ZDB-ONBJPW</subfield>
      <subfield code="t">Bitte Beil erg.: Guide Erlebnisse AC12215039</subfield>
    </datafield>
    <datafield ind1="m" ind2="1" tag="079">
      <subfield code="c">ZDB-ONBKMI</subfield>
      <subfield code="t">Michael K&#xE4;fer [20.5.2016] Bitte Beil. erg.: Immobilien AC13094181</subfield>
    </datafield>
    <datafield ind1="a" ind2="1" tag="086">
      <subfield code="a">Mikrofilm</subfield>
    </datafield>
    <datafield ind1="b" ind2="1" tag="086">
      <subfield code="a">Mikrofilmschrank 3.7</subfield>
    </datafield>
    <datafield ind1="b" ind2="1" tag="086">
      <subfield code="a">D848</subfield>
    </datafield>
    <datafield ind1="c" ind2="1" tag="086">
      <subfield code="a">ZSL Tisch 4</subfield>
    </datafield>
    <datafield ind1="-" ind2="1" tag="310">
      <subfield code="a">&lt;&lt;Die&gt;&gt; Presse &lt;Wien&gt;</subfield>
    </datafield>
    <datafield ind1="-" ind2="1" tag="331">
      <subfield code="a">&lt;&lt;Die&gt;&gt; Presse</subfield>
    </datafield>
    <datafield ind1="-" ind2="1" tag="335">
      <subfield code="a">frei seit 1848</subfield>
    </datafield>
    <datafield ind1="a" ind2="1" tag="370">
      <subfield code="a">Abendpresse / Sp&#xE4;t-Ausgabe</subfield>
    </datafield>
    <datafield ind1="a" ind2="1" tag="370">
      <subfield code="a">Local-Anzeiger der Presse</subfield>
    </datafield>
    <datafield ind1="a" ind2="1" tag="370">
      <subfield code="a">Lokal-Anzeiger der Presse</subfield>
    </datafield>
    <datafield ind1="a" ind2="1" tag="370">
      <subfield code="a">Luxury times</subfield>
    </datafield>
    <datafield ind1="a" ind2="1" tag="370">
      <subfield code="a">Skills</subfield>
    </datafield>
    <datafield ind1="a" ind2="1" tag="370">
      <subfield code="a">Privatebanking</subfield>
    </datafield>
    <datafield ind1="a" ind2="1" tag="370">
      <subfield code="a">Kultur spezial</subfield>
    </datafield>
    <datafield ind1="a" ind2="1" tag="370">
      <subfield code="a">Eco-Magazin</subfield>
    </datafield>
    <datafield ind1="a" ind2="1" tag="370">
      <subfield code="a">Spectrum</subfield>
    </datafield>
    <datafield ind1="a" ind2="1" tag="370">
      <subfield code="a">Recht</subfield>
    </datafield>
    <datafield ind1="a" ind2="1" tag="370">
      <subfield code="a">Kultur-Magazin</subfield>
    </datafield>
    <datafield ind1="a" ind2="1" tag="370">
      <subfield code="a">Fahrstil</subfield>
    </datafield>
    <datafield ind1="a" ind2="1" tag="370">
      <subfield code="a">Private Banking</subfield>
    </datafield>
    <datafield ind1="a" ind2="1" tag="370">
      <subfield code="a">Tour de France</subfield>
    </datafield>
    <datafield ind1="a" ind2="1" tag="370">
      <subfield code="a">Spektrum</subfield>
    </datafield>
    <datafield ind1="a" ind2="1" tag="370">
      <subfield code="a">Gleiches Recht f&#xFC;r alle</subfield>
    </datafield>
    <datafield ind1="a" ind2="1" tag="370">
      <subfield code="a">Morgen-Presse</subfield>
    </datafield>
    <datafield ind1="a" ind2="1" tag="370">
      <subfield code="a">Abend-Presse</subfield>
    </datafield>
    <datafield ind1="a" ind2="1" tag="370">
      <subfield code="a">7-Uhr-Presse</subfield>
    </datafield>
    <datafield ind1="a" ind2="1" tag="370">
      <subfield code="a">Sp&#xE4;t-Ausgabe</subfield>
    </datafield>
    <datafield ind1="a" ind2="1" tag="370">
      <subfield code="a">&lt;&lt;Die&gt;&gt; Presse am Sonntag</subfield>
    </datafield>
    <datafield ind1="-" ind2="1" tag="405">
      <subfield code="a">[1.]1848,1(3.Juli) - 49.1896,300(31.Okt.); 1948,19.Okt. - ; auch mit durchgehender Nr.-Z&#xE4;hlung</subfield>
    </datafield>
    <datafield ind1="a" ind2="1" tag="406">
      <subfield code="j">1848</subfield>
      <subfield code="n">49</subfield>
      <subfield code="k">1896</subfield>
    </datafield>
    <datafield ind1="a" ind2="1" tag="406">
      <subfield code="j">1948</subfield>
    </datafield>
    <datafield ind1="-" ind2="1" tag="410">
      <subfield code="a">Wien</subfield>
    </datafield>
    <datafield ind1="-" ind2="1" tag="412">
      <subfield code="a">&lt;&lt;Die&gt;&gt; Presse</subfield>
    </datafield>
    <datafield ind1="-" ind2="1" tag="418">
      <subfield code="a">Wien</subfield>
      <subfield code="g">Neue Wiener Pr. Verl.-Ges.</subfield>
      <subfield code="h">fr&#xFC;her</subfield>
    </datafield>
    <datafield ind1="b" ind2="1" tag="425">
      <subfield code="a">1848</subfield>
    </datafield>
    <datafield ind1="-" ind2="1" tag="435">
      <subfield code="a">46 cm</subfield>
    </datafield>
    <datafield ind1="-" ind2="1" tag="507">
      <subfield code="a">Motto bis 1896,Jan.: Gleiches Recht f&#xFC;r alle</subfield>
    </datafield>
    <datafield ind1="-" ind2="1" tag="507">
      <subfield code="a">Hauptsacht. 1896,32(2.Febr.)-300(31.Okt.): Morgen-Presse</subfield>
    </datafield>
    <datafield ind1="-" ind2="1" tag="507">
      <subfield code="a">Hauptsacht. 1896,32(2.Febr.)-300(31.Okt.): Abend-Presse</subfield>
    </datafield>
    <datafield ind1="-" ind2="1" tag="507">
      <subfield code="a">Hauptsacht. 1896,32(2.Febr.)-300(31.Okt.): 7-Uhr-Presse</subfield>
    </datafield>
    <datafield ind1="-" ind2="1" tag="507">
      <subfield code="a">Sachl. Benennung 1896,32(2.Febr.)-300(31.Okt.): Sp&#xE4;t-Ausgabe</subfield>
    </datafield>
    <datafield ind1="-" ind2="1" tag="507">
      <subfield code="a">Hauptsacht. d. Sonntagsausg. ab 2009,18334(15.M&#xE4;rz): &lt;&lt;Die&gt;&gt; Presse am Sonntag</subfield>
    </datafield>
    <datafield ind1="-" ind2="1" tag="507">
      <subfield code="a">Zusatz wechselt</subfield>
    </datafield>
    <datafield ind1="-" ind2="1" tag="509">
      <subfield code="p">Begr.</subfield>
      <subfield code="a">August Zang; Hrsg. 1999: Julius Kainz, Thomas Chorherr; verantw. Red. 1999: Andreas Unterberger</subfield>
    </datafield>
    <datafield ind1="-" ind2="1" tag="511">
      <subfield code="a">Adresse des Verl.: 1030 Wien, Hainburger Stra&#xDF;e 33</subfield>
    </datafield>
    <datafield ind1="a" ind2="1" tag="516">
      <subfield code="a">GZ: 09Z038034T</subfield>
    </datafield>
    <datafield ind1="-" ind2="1" tag="523">
      <subfield code="a">1848,29.Okt.-6.Nov. u. 1849,9.-31.? Dez. u. 1896,Dez. - 1946,Jan. nicht ersch. - Periodizit&#xE4;t: t&#xE4;gl., 1882 - 1896: 3x t&#xE4;gl., zeitw.: 6x w&#xF6;chentl.; Aufl. 1850: 15.000, 1859: 38.000, 1867: 16.000, 1896: 10.000, 1999: 106.088; Inhalt: gro&#xDF;&#xF6;sterreichisch-liberal, zeitw. konservativ, offizi&#xF6;s</subfield>
    </datafield>
    <datafield ind1="-" ind2="1" tag="524">
      <subfield code="p">Ungez&#xE4;hlte Beil.</subfield>
      <subfield code="a">Local-Anzeiger der Presse; Luxury times; Skills; ab 1985,Nov.: Eco-Magazin; Spectrum; Recht; Sonderbeil.; Unterwegs; Privatebanking; bis 2012: Kultur spezial; ab 2013: Kultur-Magazin; Fahrstil; Private Banking; Tour de France</subfield>
    </datafield>
    <datafield ind1="z" ind2="1" tag="527">
      <subfield code="p">Wochenausg.</subfield>
      <subfield code="a">Wochenpresse</subfield>
      <subfield code="9">967502-4</subfield>
    </datafield>
    <datafield ind1="z" ind2="1" tag="527">
      <subfield code="p">Digital. Ausg.</subfield>
      <subfield code="a">&lt;&lt;Die&gt;&gt; Presse &lt;Wien&gt;</subfield>
      <subfield code="9">2447377-7</subfield>
    </datafield>
    <datafield ind1="z" ind2="1" tag="527">
      <subfield code="p">E-Paper</subfield>
      <subfield code="a">&lt;&lt;Die&gt;&gt; Presse &lt;Wien&gt;</subfield>
      <subfield code="9">2407389-1</subfield>
    </datafield>
    <datafield ind1="z" ind2="1" tag="527">
      <subfield code="p">Online-Ausg.</subfield>
      <subfield code="a">&lt;&lt;Die&gt;&gt; Presse &lt;Wien&gt;</subfield>
      <subfield code="9">1478156-6</subfield>
    </datafield>
    <datafield ind1="z" ind2="1" tag="529">
      <subfield code="p">Beil.</subfield>
      <subfield code="a">Arena 08</subfield>
      <subfield code="9">2415764-8</subfield>
    </datafield>
    <datafield ind1="z" ind2="1" tag="529">
      <subfield code="p">Beil.</subfield>
      <subfield code="a">Eco-digest</subfield>
      <subfield code="9">19744-0</subfield>
    </datafield>
    <datafield ind1="z" ind2="1" tag="529">
      <subfield code="p">Beil.</subfield>
      <subfield code="a">Girozentrale und Bank der &#xD6;sterreichischen Sparkassen &lt;Wien&gt;: Finanz-Zeitung der Girozentrale Wien</subfield>
      <subfield code="9">19733-6</subfield>
    </datafield>
    <datafield ind1="z" ind2="1" tag="529">
      <subfield code="p">Beil.</subfield>
      <subfield code="a">Girozentrale und Bank der &#xD6;sterreichischen Sparkassen &lt;Wien&gt;: GZ-Finanz-Zeitung</subfield>
      <subfield code="9">19752-x</subfield>
    </datafield>
    <datafield ind1="z" ind2="1" tag="529">
      <subfield code="p">Beil.</subfield>
      <subfield code="a">Finanz-Zeitung</subfield>
      <subfield code="9">126604-4</subfield>
    </datafield>
    <datafield ind1="z" ind2="1" tag="529">
      <subfield code="p">Beil.</subfield>
      <subfield code="a">Schaufenster</subfield>
      <subfield code="9">137266-x</subfield>
    </datafield>
    <datafield ind1="z" ind2="1" tag="529">
      <subfield code="p">Beil.</subfield>
      <subfield code="a">An der sch&#xF6;nen blauen Donau</subfield>
      <subfield code="9">272443-1</subfield>
    </datafield>
    <datafield ind1="z" ind2="1" tag="529">
      <subfield code="p">Beil.</subfield>
      <subfield code="a">Lady's Journal</subfield>
      <subfield code="9">1377115-2</subfield>
    </datafield>
    <datafield ind1="z" ind2="1" tag="529">
      <subfield code="p">Beil.</subfield>
      <subfield code="a">Men's magazine</subfield>
      <subfield code="9">1472619-1</subfield>
    </datafield>
    <datafield ind1="z" ind2="1" tag="529">
      <subfield code="p">Index</subfield>
      <subfield code="a">Zeitungs-Index</subfield>
      <subfield code="9">187394-5</subfield>
    </datafield>
    <datafield ind1="z" ind2="1" tag="529">
      <subfield code="p">Beil.</subfield>
      <subfield code="a">B&#xFC;cherPick</subfield>
      <subfield code="9">1021873-7</subfield>
    </datafield>
    <datafield ind1="z" ind2="1" tag="529">
      <subfield code="p">Beil.</subfield>
      <subfield code="a">&lt;&lt;Das&gt;&gt; Buch</subfield>
      <subfield code="9">2226362-7</subfield>
    </datafield>
    <datafield ind1="z" ind2="1" tag="529">
      <subfield code="p">Beil.</subfield>
      <subfield code="a">&lt;&lt;Die&gt;&gt; Presse &lt;Wien&gt; / Schaufenster</subfield>
      <subfield code="9">2390562-1</subfield>
    </datafield>
    <datafield ind1="z" ind2="1" tag="529">
      <subfield code="p">1999 - 2000 Beil.</subfield>
      <subfield code="a">Gesund &amp; aktiv</subfield>
      <subfield code="9">2435742-X</subfield>
    </datafield>
    <datafield ind1="z" ind2="1" tag="529">
      <subfield code="p">1999 - 2003 Beil.</subfield>
      <subfield code="a">Bildung</subfield>
      <subfield code="9">2435750-9</subfield>
    </datafield>
    <datafield ind1="z" ind2="1" tag="529">
      <subfield code="p">Ab 2003 Beil.</subfield>
      <subfield code="a">FormArt</subfield>
      <subfield code="9">2435764-9</subfield>
    </datafield>
    <datafield ind1="z" ind2="1" tag="529">
      <subfield code="p">2003 - 2005 Beil.</subfield>
      <subfield code="a">Business / Innovation</subfield>
      <subfield code="9">2435744-3</subfield>
    </datafield>
    <datafield ind1="z" ind2="1" tag="529">
      <subfield code="p">Ab 2004 Beil.</subfield>
      <subfield code="a">Kompetent</subfield>
      <subfield code="9">2435751-0</subfield>
    </datafield>
    <datafield ind1="z" ind2="1" tag="529">
      <subfield code="p">Ab 2004 Beil.</subfield>
      <subfield code="a">Golfmagazin</subfield>
      <subfield code="9">2435691-8</subfield>
    </datafield>
    <datafield ind1="z" ind2="1" tag="529">
      <subfield code="p">2004 - 2005 Beil.</subfield>
      <subfield code="a">Business / Frauen</subfield>
      <subfield code="9">2435777-7</subfield>
    </datafield>
    <datafield ind1="z" ind2="1" tag="529">
      <subfield code="p">Ab 2005 Beil.</subfield>
      <subfield code="a">Europa</subfield>
      <subfield code="9">2435771-6</subfield>
    </datafield>
    <datafield ind1="z" ind2="1" tag="529">
      <subfield code="p">Ab 2005 Beil.</subfield>
      <subfield code="a">Balance</subfield>
      <subfield code="9">2435759-5</subfield>
    </datafield>
    <datafield ind1="z" ind2="1" tag="529">
      <subfield code="p">Ab 2006 Beil.</subfield>
      <subfield code="a">BauArt</subfield>
      <subfield code="9">2435768-6</subfield>
    </datafield>
    <datafield ind1="z" ind2="1" tag="529">
      <subfield code="p">Ab 2006 Beil.</subfield>
      <subfield code="a">Innovation</subfield>
      <subfield code="9">2435747-9</subfield>
    </datafield>
    <datafield ind1="z" ind2="1" tag="529">
      <subfield code="p">Beil.</subfield>
      <subfield code="a">EU neu</subfield>
      <subfield code="9">2435765-0</subfield>
    </datafield>
    <datafield ind1="z" ind2="1" tag="529">
      <subfield code="p">Beil.</subfield>
      <subfield code="a">Ferien</subfield>
      <subfield code="9">2435700-5</subfield>
    </datafield>
    <datafield ind1="z" ind2="1" tag="529">
      <subfield code="p">Beil.</subfield>
      <subfield code="a">Investment</subfield>
      <subfield code="9">2435696-7</subfield>
    </datafield>
    <datafield ind1="z" ind2="1" tag="529">
      <subfield code="p">Beil.</subfield>
      <subfield code="a">Golf-Guide</subfield>
      <subfield code="9">2437737-5</subfield>
    </datafield>
    <datafield ind1="z" ind2="1" tag="529">
      <subfield code="p">Beil.</subfield>
      <subfield code="a">Wohnen</subfield>
      <subfield code="9">2439305-8</subfield>
    </datafield>
    <datafield ind1="z" ind2="1" tag="529">
      <subfield code="p">Beil.</subfield>
      <subfield code="a">Uhrenjournal</subfield>
      <subfield code="9">2435812-5</subfield>
    </datafield>
    <datafield ind1="z" ind2="1" tag="529">
      <subfield code="p">Ab 2008 Beil.</subfield>
      <subfield code="a">&lt;&lt;Das&gt;&gt; Interview</subfield>
      <subfield code="9">2541889-0</subfield>
    </datafield>
    <datafield ind1="z" ind2="1" tag="529">
      <subfield code="p">Sonderbeil.</subfield>
      <subfield code="a">Guide Recht &amp; Steuern</subfield>
      <subfield code="9">2595120-8</subfield>
    </datafield>
    <datafield ind1="z" ind2="1" tag="529">
      <subfield code="p">Ab 2010 Beil.</subfield>
      <subfield code="a">Forschung</subfield>
      <subfield code="9">2640139-3</subfield>
    </datafield>
    <datafield ind1="z" ind2="1" tag="529">
      <subfield code="p">Ab 2011,19245(13.Okt.) Beil.</subfield>
      <subfield code="a">Luxury living</subfield>
      <subfield code="9">2642418-6</subfield>
    </datafield>
    <datafield ind1="z" ind2="1" tag="529">
      <subfield code="p">Ab 2011 Beil.</subfield>
      <subfield code="a">Luxury estate</subfield>
      <subfield code="9">2646439-1</subfield>
    </datafield>
    <datafield ind1="z" ind2="1" tag="529">
      <subfield code="p">Beil.</subfield>
      <subfield code="a">&lt;&lt;Die&gt;&gt; Presse &lt;Wien&gt; / Magazin</subfield>
      <subfield code="9">137267-1</subfield>
    </datafield>
    <datafield ind1="z" ind2="1" tag="529">
      <subfield code="p">Sonderbeil.</subfield>
      <subfield code="a">Montanuniversit&#xE4;t Leoben: Programm ...</subfield>
      <subfield code="9">2676112-9</subfield>
    </datafield>
    <datafield ind1="z" ind2="1" tag="529">
      <subfield code="p">Ab 2012,31.Mai Beil.</subfield>
      <subfield code="a">Benchmark</subfield>
      <subfield code="9">2685585-9</subfield>
    </datafield>
    <datafield ind1="z" ind2="1" tag="529">
      <subfield code="p">Sonderbeil.</subfield>
      <subfield code="a">Guide Schulen</subfield>
      <subfield code="9">2696694-3</subfield>
    </datafield>
    <datafield ind1="z" ind2="1" tag="529">
      <subfield code="p">Sonderbeil.</subfield>
      <subfield code="a">Guide Schulen / Kinderg&#xE4;rten, Horte, Volksschulen</subfield>
      <subfield code="9">2764105-3</subfield>
    </datafield>
    <datafield ind1="z" ind2="1" tag="529">
      <subfield code="p">Sonderbeil.</subfield>
      <subfield code="a">Guide Berufswahl</subfield>
      <subfield code="9">2761038-X</subfield>
    </datafield>
    <datafield ind1="z" ind2="1" tag="529">
      <subfield code="p">Beil.</subfield>
      <subfield code="a">Uni live</subfield>
      <subfield code="9">2735619-X</subfield>
    </datafield>
    <datafield ind1="z" ind2="1" tag="529">
      <subfield code="p">Beil.</subfield>
      <subfield code="a">Guide Berufseinstieg</subfield>
      <subfield code="9">2768847-1</subfield>
    </datafield>
    <datafield ind1="z" ind2="1" tag="529">
      <subfield code="p">Sonderbeil.</subfield>
      <subfield code="a">Guide Seminare</subfield>
      <subfield code="9">2785173-4</subfield>
    </datafield>
    <datafield ind1="z" ind2="1" tag="529">
      <subfield code="p">Ab ca. 2014 Beil.</subfield>
      <subfield code="a">Sport aktiv / Skitourenguide</subfield>
      <subfield code="9">2798867-3</subfield>
    </datafield>
    <datafield ind1="z" ind2="1" tag="529">
      <subfield code="p">Ab ca. 2014 Sonderbeil.</subfield>
      <subfield code="a">Guide Erlebnisse</subfield>
      <subfield code="9">2823306-2</subfield>
    </datafield>
    <datafield ind1="z" ind2="1" tag="529">
      <subfield code="p">Beil.</subfield>
      <subfield code="a">Tele</subfield>
      <subfield code="9">1063413-7</subfield>
    </datafield>
    <datafield ind1="z" ind2="1" tag="529">
      <subfield code="p">Supplement</subfield>
      <subfield code="n">2016 [?]-</subfield>
      <subfield code="a">&lt;&lt;Die&gt;&gt; Presse</subfield>
      <subfield code="9">2860852-5</subfield>
    </datafield>
    <datafield ind1="z" ind2="1" tag="534">
      <subfield code="p">Ersatzbl. 1896,Nov. - 1904</subfield>
      <subfield code="a">&lt;&lt;Die&gt;&gt; Reichswehr</subfield>
      <subfield code="9">1057832-8</subfield>
    </datafield>
    <datafield ind1="z" ind2="1" tag="534">
      <subfield code="p">1946 - 1948,18.Okt.</subfield>
      <subfield code="a">&lt;&lt;Die&gt;&gt; Presse &lt;Wien&gt; / Wochenausgabe</subfield>
      <subfield code="9">1041892-1</subfield>
    </datafield>
    <datafield ind1="a" ind2="1" tag="553">
      <subfield code="a">90155888</subfield>
    </datafield>
    <datafield ind1="z" ind2="1" tag="580">
      <subfield code="a">GZ09Z038034T</subfield>
    </datafield>
    <datafield ind1="-" ind2="1" tag="610">
      <subfield code="a">Mikrofilm-Ausg.</subfield>
    </datafield>
    <datafield ind1="a" ind2="1" tag="610">
      <subfield code="a">Dortmund : Inst. f&#xFC;r Zeitungsforschung der Stadt Dortmund; Mikroficheausg.: Hamburg : Alpha Com, Ges. f&#xFC;r Mikroverfilmung</subfield>
    </datafield>
    <datafield ind1="-" ind2="1" tag="611">
      <subfield code="a">Dortmund</subfield>
    </datafield>
    <datafield ind1="-" ind2="1" tag="613">
      <subfield code="a">Inst. f&#xFC;r Zeitungsforschung der Stadt Dortmund</subfield>
    </datafield>
    <datafield ind1="-" ind2="1" tag="614">
      <subfield code="a">Hamburg</subfield>
    </datafield>
    <datafield ind1="-" ind2="1" tag="616">
      <subfield code="a">Alpha Com, Ges. f&#xFC;r Mikroverfilmung</subfield>
    </datafield>
    <datafield ind1="b" ind2="1" tag="673">
      <subfield code="a">Wien</subfield>
      <subfield code="9">(DE-588)4066009-6</subfield>
    </datafield>
    <datafield ind1="a" ind2="1" tag="674">
      <subfield code="a">1955</subfield>
    </datafield>
    <datafield ind1="a" ind2="1" tag="674">
      <subfield code="a">2004</subfield>
    </datafield>
    <datafield ind1="a" ind2="1" tag="674">
      <subfield code="a">1996</subfield>
    </datafield>
    <datafield ind1="-" ind2="1" tag="675">
      <subfield code="a">Spektrum</subfield>
    </datafield>
    <datafield ind1="-" ind2="1" tag="700">
      <subfield code="a">050</subfield>
      <subfield code="2">DNB</subfield>
    </datafield>
    <datafield ind1="-" ind2="1" tag="700">
      <subfield code="a">910</subfield>
      <subfield code="2">ZDB</subfield>
    </datafield>
    <datafield ind1="-" ind2="1" tag="700">
      <subfield code="a">940</subfield>
      <subfield code="2">ZDB</subfield>
    </datafield>
    <datafield ind1="x" ind2="1" tag="700">
      <subfield code="a">070 Nachrichtenmedien, Journalismus, Verlagswesen</subfield>
      <subfield code="c">22</subfield>
    </datafield>
    <datafield ind1="b" ind2="1" tag="710">
      <subfield code="a">&#xD6;sterreich</subfield>
    </datafield>
    <datafield ind1="f" ind2="1" tag="710">
      <subfield code="a">Zeitungen</subfield>
    </datafield>
    <datafield ind1="-" ind2="1" tag="902">
      <subfield code="g">Wien</subfield>
      <subfield code="9">(DE-588)4066009-6</subfield>
    </datafield>
    <datafield ind1="-" ind2="1" tag="902">
      <subfield code="f">Zeitung</subfield>
    </datafield>
    <controlfield tag="SYS">000318675</controlfield>
    <datafield ind1=" " ind2="9" tag="071">
      <subfield code="a">AKW</subfield>
      <subfield code="2">XAW1</subfield>
    </datafield>
    <datafield ind1=" " ind2="9" tag="200">
      <subfield code="b">13.1860(1.1.) - 15.1962 (31.12.)</subfield>
      <subfield code="e">Mikrofilmausg.</subfield>
      <subfield code="f">Mikrofilmschrank: 3.7</subfield>
      <subfield code="2">AKW</subfield>
    </datafield>
    <datafield ind1=" " ind2="9" tag="200">
      <subfield code="b">1. 1848(unvollst.) - 2. 1849; 1947 -</subfield>
      <subfield code="c">[L=1.1848]</subfield>
      <subfield code="e">Printausg.</subfield>
      <subfield code="f">D848</subfield>
      <subfield code="g">Tisch 4</subfield>
      <subfield code="2">AKW</subfield>
    </datafield>
    <datafield ind1=" " ind2="9" tag="NTU">
      <subfield code="a">FSW-Bestand</subfield>
      <subfield code="2">XAW1</subfield>
    </datafield>
    <datafield ind1=" " ind2="9" tag="OWN">
      <subfield code="a">XAW1</subfield>
    </datafield>
    <datafield ind1=" " ind2=" " tag="SWD">
      <subfield code="9">(DE-588)1012345-3</subfield>
    </datafield>
    <datafield ind1=" " ind2=" " tag="SWD">
      <subfield code="g">Vienna</subfield>
      <subfield code="9">(DE-588)4066009-6</subfield>
    </datafield>
    <datafield ind1=" " ind2=" " tag="SWD">
      <subfield code="g">Land Wien</subfield>
      <subfield code="9">(DE-588)4066009-6</subfield>
    </datafield>
    <datafield ind1=" " ind2=" " tag="SWD">
      <subfield code="g">Wenia</subfield>
      <subfield code="9">(DE-588)4066009-6</subfield>
    </datafield>
    <datafield ind1=" " ind2=" " tag="SWD">
      <subfield code="g">Bundesland Wien</subfield>
      <subfield code="9">(DE-588)4066009-6</subfield>
    </datafield>
    <datafield ind1=" " ind2=" " tag="SWD">
      <subfield code="g">Stadt Wien</subfield>
      <subfield code="9">(DE-588)4066009-6</subfield>
    </datafield>
    <datafield ind1=" " ind2=" " tag="SWD">
      <subfield code="g">Bundeshauptstadt Wien</subfield>
      <subfield code="9">(DE-588)4066009-6</subfield>
    </datafield>
    <datafield ind1=" " ind2=" " tag="SWD">
      <subfield code="g">Bundesunmittelbare Stadt Wien</subfield>
      <subfield code="9">(DE-588)4066009-6</subfield>
    </datafield>
    <datafield ind1=" " ind2=" " tag="SWD">
      <subfield code="g">Kaiserlich-K&#xF6;nigliche Reichshaupt- und Residenzstadt Wien</subfield>
      <subfield code="9">(DE-588)4066009-6</subfield>
    </datafield>
    <datafield ind1=" " ind2=" " tag="SWD">
      <subfield code="g">K.K. Reichshaupt- und Residenzstadt Wien</subfield>
      <subfield code="9">(DE-588)4066009-6</subfield>
    </datafield>
    <datafield ind1=" " ind2=" " tag="SWD">
      <subfield code="g">Reichshaupt- und Residenzstadt Wien</subfield>
      <subfield code="9">(DE-588)4066009-6</subfield>
    </datafield>
    <datafield ind1=" " ind2=" " tag="SWD">
      <subfield code="g">Reichsgau Wien</subfield>
      <subfield code="9">(DE-588)4066009-6</subfield>
    </datafield>
    <datafield ind1=" " ind2=" " tag="SWD">
      <subfield code="g">Wienn</subfield>
      <subfield code="9">(DE-588)4066009-6</subfield>
    </datafield>
    <datafield ind1=" " ind2=" " tag="SWD">
      <subfield code="g">Vienne</subfield>
      <subfield code="h">&#xD6;sterreich</subfield>
      <subfield code="9">(DE-588)4066009-6</subfield>
    </datafield>
    <datafield ind1=" " ind2=" " tag="SWD">
      <subfield code="g">Be&#x10D;</subfield>
      <subfield code="9">(DE-588)4066009-6</subfield>
    </datafield>
    <datafield ind1=" " ind2=" " tag="SWD">
      <subfield code="g">Viena</subfield>
      <subfield code="9">(DE-588)4066009-6</subfield>
    </datafield>
    <datafield ind1=" " ind2=" " tag="SWD">
      <subfield code="g">B&#xE9;cs</subfield>
      <subfield code="9">(DE-588)4066009-6</subfield>
    </datafield>
    <datafield ind1=" " ind2=" " tag="SWD">
      <subfield code="g">Viede&#x148;</subfield>
      <subfield code="9">(DE-588)4066009-6</subfield>
    </datafield>
    <datafield ind1=" " ind2=" " tag="SWD">
      <subfield code="g">Vinna</subfield>
      <subfield code="9">(DE-588)4066009-6</subfield>
    </datafield>
    <datafield ind1=" " ind2=" " tag="SWD">
      <subfield code="g">Wiede&#x144;</subfield>
      <subfield code="h">Wien</subfield>
      <subfield code="9">(DE-588)4066009-6</subfield>
    </datafield>
    <datafield ind1=" " ind2=" " tag="SWD">
      <subfield code="g">Vena</subfield>
      <subfield code="9">(DE-588)4066009-6</subfield>
    </datafield>
    <datafield ind1=" " ind2=" " tag="SWD">
      <subfield code="g">Wienna</subfield>
      <subfield code="9">(DE-588)4066009-6</subfield>
    </datafield>
    <datafield ind1=" " ind2=" " tag="SWD">
      <subfield code="g">Vin</subfield>
      <subfield code="9">(DE-588)4066009-6</subfield>
    </datafield>
    <datafield ind1=" " ind2=" " tag="SWD">
      <subfield code="g">Bienn&#x113;</subfield>
      <subfield code="9">(DE-588)4066009-6</subfield>
    </datafield>
    <datafield ind1=" " ind2=" " tag="SWD">
      <subfield code="g">Vienn&#x113;</subfield>
      <subfield code="9">(DE-588)4066009-6</subfield>
    </datafield>
    <datafield ind1=" " ind2=" " tag="SWD">
      <subfield code="g">W&#x12B;n</subfield>
      <subfield code="9">(DE-588)4066009-6</subfield>
    </datafield>
    <datafield ind1=" " ind2=" " tag="SWD">
      <subfield code="g">Vjen&#xEB;</subfield>
      <subfield code="9">(DE-588)4066009-6</subfield>
    </datafield>
    <datafield ind1=" " ind2=" " tag="SWD">
      <subfield code="g">Vindobona</subfield>
      <subfield code="h">Wien</subfield>
      <subfield code="9">(DE-588)4066009-6</subfield>
    </datafield>
    <datafield ind1=" " ind2=" " tag="SWD">
      <subfield code="g">Vienna Pannoniae</subfield>
      <subfield code="9">(DE-588)4066009-6</subfield>
    </datafield>
    <datafield ind1=" " ind2=" " tag="SWD">
      <subfield code="g">Vindobona</subfield>
      <subfield code="9">(DE-588)4066009-6</subfield>
    </datafield>
    <datafield ind1=" " ind2=" " tag="SWD">
      <subfield code="g">Vienna</subfield>
      <subfield code="h">Austriae</subfield>
      <subfield code="9">(DE-588)4066009-6</subfield>
    </datafield>
    <datafield ind1=" " ind2=" " tag="SWD">
      <subfield code="g">Vienne</subfield>
      <subfield code="9">(DE-588)4066009-6</subfield>
    </datafield>
    <datafield ind1=" " ind2=" " tag="SWD">
      <subfield code="g">Gemeinde Wien</subfield>
      <subfield code="9">(DE-588)4066009-6</subfield>
    </datafield>
    <datafield ind1=" " ind2=" " tag="SWD">
      <subfield code="g">Vienna Fluviorum</subfield>
      <subfield code="9">(DE-588)4066009-6</subfield>
    </datafield>
    <datafield ind1=" " ind2=" " tag="SWD">
      <subfield code="9">(DE-588)1012345-3</subfield>
    </datafield>
    <datafield ind1=" " ind2=" " tag="SWD">
      <subfield code="g">Vienna</subfield>
      <subfield code="9">(DE-588)4066009-6</subfield>
    </datafield>
    <datafield ind1=" " ind2=" " tag="SWD">
      <subfield code="g">Land Wien</subfield>
      <subfield code="9">(DE-588)4066009-6</subfield>
    </datafield>
    <datafield ind1=" " ind2=" " tag="SWD">
      <subfield code="g">Wenia</subfield>
      <subfield code="9">(DE-588)4066009-6</subfield>
    </datafield>
    <datafield ind1=" " ind2=" " tag="SWD">
      <subfield code="g">Bundesland Wien</subfield>
      <subfield code="9">(DE-588)4066009-6</subfield>
    </datafield>
    <datafield ind1=" " ind2=" " tag="SWD">
      <subfield code="g">Stadt Wien</subfield>
      <subfield code="9">(DE-588)4066009-6</subfield>
    </datafield>
    <datafield ind1=" " ind2=" " tag="SWD">
      <subfield code="g">Bundeshauptstadt Wien</subfield>
      <subfield code="9">(DE-588)4066009-6</subfield>
    </datafield>
    <datafield ind1=" " ind2=" " tag="SWD">
      <subfield code="g">Bundesunmittelbare Stadt Wien</subfield>
      <subfield code="9">(DE-588)4066009-6</subfield>
    </datafield>
    <datafield ind1=" " ind2=" " tag="SWD">
      <subfield code="g">Kaiserlich-K&#xF6;nigliche Reichshaupt- und Residenzstadt Wien</subfield>
      <subfield code="9">(DE-588)4066009-6</subfield>
    </datafield>
    <datafield ind1=" " ind2=" " tag="SWD">
      <subfield code="g">K.K. Reichshaupt- und Residenzstadt Wien</subfield>
      <subfield code="9">(DE-588)4066009-6</subfield>
    </datafield>
    <datafield ind1=" " ind2=" " tag="SWD">
      <subfield code="g">Reichshaupt- und Residenzstadt Wien</subfield>
      <subfield code="9">(DE-588)4066009-6</subfield>
    </datafield>
    <datafield ind1=" " ind2=" " tag="SWD">
      <subfield code="g">Reichsgau Wien</subfield>
      <subfield code="9">(DE-588)4066009-6</subfield>
    </datafield>
    <datafield ind1=" " ind2=" " tag="SWD">
      <subfield code="g">Wienn</subfield>
      <subfield code="9">(DE-588)4066009-6</subfield>
    </datafield>
    <datafield ind1=" " ind2=" " tag="SWD">
      <subfield code="g">Vienne</subfield>
      <subfield code="h">&#xD6;sterreich</subfield>
      <subfield code="9">(DE-588)4066009-6</subfield>
    </datafield>
    <datafield ind1=" " ind2=" " tag="SWD">
      <subfield code="g">Be&#x10D;</subfield>
      <subfield code="9">(DE-588)4066009-6</subfield>
    </datafield>
    <datafield ind1=" " ind2=" " tag="SWD">
      <subfield code="g">Viena</subfield>
      <subfield code="9">(DE-588)4066009-6</subfield>
    </datafield>
    <datafield ind1=" " ind2=" " tag="SWD">
      <subfield code="g">B&#xE9;cs</subfield>
      <subfield code="9">(DE-588)4066009-6</subfield>
    </datafield>
    <datafield ind1=" " ind2=" " tag="SWD">
      <subfield code="g">Viede&#x148;</subfield>
      <subfield code="9">(DE-588)4066009-6</subfield>
    </datafield>
    <datafield ind1=" " ind2=" " tag="SWD">
      <subfield code="g">Vinna</subfield>
      <subfield code="9">(DE-588)4066009-6</subfield>
    </datafield>
    <datafield ind1=" " ind2=" " tag="SWD">
      <subfield code="g">Wiede&#x144;</subfield>
      <subfield code="h">Wien</subfield>
      <subfield code="9">(DE-588)4066009-6</subfield>
    </datafield>
    <datafield ind1=" " ind2=" " tag="SWD">
      <subfield code="g">Vena</subfield>
      <subfield code="9">(DE-588)4066009-6</subfield>
    </datafield>
    <datafield ind1=" " ind2=" " tag="SWD">
      <subfield code="g">Wienna</subfield>
      <subfield code="9">(DE-588)4066009-6</subfield>
    </datafield>
    <datafield ind1=" " ind2=" " tag="SWD">
      <subfield code="g">Vin</subfield>
      <subfield code="9">(DE-588)4066009-6</subfield>
    </datafield>
    <datafield ind1=" " ind2=" " tag="SWD">
      <subfield code="g">Bienn&#x113;</subfield>
      <subfield code="9">(DE-588)4066009-6</subfield>
    </datafield>
    <datafield ind1=" " ind2=" " tag="SWD">
      <subfield code="g">Vienn&#x113;</subfield>
      <subfield code="9">(DE-588)4066009-6</subfield>
    </datafield>
    <datafield ind1=" " ind2=" " tag="SWD">
      <subfield code="g">W&#x12B;n</subfield>
      <subfield code="9">(DE-588)4066009-6</subfield>
    </datafield>
    <datafield ind1=" " ind2=" " tag="SWD">
      <subfield code="g">Vjen&#xEB;</subfield>
      <subfield code="9">(DE-588)4066009-6</subfield>
    </datafield>
    <datafield ind1=" " ind2=" " tag="SWD">
      <subfield code="g">Vindobona</subfield>
      <subfield code="h">Wien</subfield>
      <subfield code="9">(DE-588)4066009-6</subfield>
    </datafield>
    <datafield ind1=" " ind2=" " tag="SWD">
      <subfield code="g">Vienna Pannoniae</subfield>
      <subfield code="9">(DE-588)4066009-6</subfield>
    </datafield>
    <datafield ind1=" " ind2=" " tag="SWD">
      <subfield code="g">Vindobona</subfield>
      <subfield code="9">(DE-588)4066009-6</subfield>
    </datafield>
    <datafield ind1=" " ind2=" " tag="SWD">
      <subfield code="g">Vienna</subfield>
      <subfield code="h">Austriae</subfield>
      <subfield code="9">(DE-588)4066009-6</subfield>
    </datafield>
    <datafield ind1=" " ind2=" " tag="SWD">
      <subfield code="g">Vienne</subfield>
      <subfield code="9">(DE-588)4066009-6</subfield>
    </datafield>
    <datafield ind1=" " ind2=" " tag="SWD">
      <subfield code="g">Gemeinde Wien</subfield>
      <subfield code="9">(DE-588)4066009-6</subfield>
    </datafield>
    <datafield ind1=" " ind2=" " tag="SWD">
      <subfield code="g">Vienna Fluviorum</subfield>
      <subfield code="9">(DE-588)4066009-6</subfield>
    </datafield>
    <datafield ind1=" " ind2=" " tag="AVA">
      <subfield code="a">AKW50</subfield>
      <subfield code="b">XAW1</subfield>
      <subfield code="c">Fortsetzungsmagazin</subfield>
      <subfield code="d">D848/2016,6</subfield>
      <subfield code="e">check_holdings</subfield>
      <subfield code="t">Bestand pr&#xFC;fen</subfield>
      <subfield code="h">Y</subfield>
      <subfield code="j">MAG3</subfield>
    </datafield>
    <datafield ind1="-" ind2="2" tag="Z30">
      <subfield code="1">XAW1</subfield>
      <subfield code="2">MAG3</subfield>
      <subfield code="3">D848/1848</subfield>
      <subfield code="b">1848</subfield>
      <subfield code="h">1. 1848</subfield>
    </datafield>
    <datafield ind1="-" ind2="2" tag="Z30">
      <subfield code="1">XAW1</subfield>
      <subfield code="2">MAG3</subfield>
      <subfield code="3">D848/1849</subfield>
      <subfield code="b">1849</subfield>
      <subfield code="h">2. 1849</subfield>
    </datafield>
    <datafield ind1="-" ind2="2" tag="Z30">
      <subfield code="1">XAW1</subfield>
      <subfield code="2">MAG3</subfield>
      <subfield code="3">D848/1985,12</subfield>
      <subfield code="b">1985</subfield>
      <subfield code="c">12</subfield>
      <subfield code="h">1985, Dez.</subfield>
    </datafield>
    <datafield ind1="-" ind2="2" tag="Z30">
      <subfield code="1">XAW1</subfield>
      <subfield code="2">MAG3</subfield>
      <subfield code="3">D848/1985,5,6</subfield>
      <subfield code="b">1985</subfield>
      <subfield code="c">5,6</subfield>
      <subfield code="h">1985, Mai/Juni</subfield>
    </datafield>
    <datafield ind1="-" ind2="2" tag="Z30">
      <subfield code="1">XAW1</subfield>
      <subfield code="2">MAG3</subfield>
      <subfield code="3">D848/1985,7,8</subfield>
      <subfield code="b">1985</subfield>
      <subfield code="c">7,8</subfield>
      <subfield code="h">1985, Juli/Aug.</subfield>
    </datafield>
    <datafield ind1="-" ind2="2" tag="Z30">
      <subfield code="1">XAW1</subfield>
      <subfield code="2">MAG3</subfield>
      <subfield code="3">D848/1985,9,10</subfield>
      <subfield code="b">1985</subfield>
      <subfield code="c">9,10</subfield>
      <subfield code="h">1985, Sept./Okt.</subfield>
    </datafield>
    <datafield ind1="-" ind2="2" tag="Z30">
      <subfield code="1">XAW1</subfield>
      <subfield code="2">MAG3</subfield>
      <subfield code="3">D848/1987,10</subfield>
      <subfield code="b">1987</subfield>
      <subfield code="c">10</subfield>
      <subfield code="h">1987, Okt.</subfield>
    </datafield>
    <datafield ind1="-" ind2="2" tag="Z30">
      <subfield code="1">XAW1</subfield>
      <subfield code="2">MAG3</subfield>
      <subfield code="3">D848/1987,11</subfield>
      <subfield code="b">1987</subfield>
      <subfield code="c">11</subfield>
      <subfield code="h">1987, Nov.</subfield>
    </datafield>
    <datafield ind1="-" ind2="2" tag="Z30">
      <subfield code="1">XAW1</subfield>
      <subfield code="2">MAG3</subfield>
      <subfield code="3">D848/1987,12</subfield>
      <subfield code="b">1987</subfield>
      <subfield code="c">12</subfield>
      <subfield code="h">1987, Dez.</subfield>
    </datafield>
    <datafield ind1="-" ind2="2" tag="Z30">
      <subfield code="1">XAW1</subfield>
      <subfield code="2">MAG3</subfield>
      <subfield code="3">D848/1987,5</subfield>
      <subfield code="b">1987</subfield>
      <subfield code="c">5</subfield>
      <subfield code="h">1987, Mai</subfield>
    </datafield>
    <datafield ind1="-" ind2="2" tag="Z30">
      <subfield code="1">XAW1</subfield>
      <subfield code="2">MAG3</subfield>
      <subfield code="3">D848/1987,6</subfield>
      <subfield code="b">1987</subfield>
      <subfield code="c">6</subfield>
      <subfield code="h">1987, Juni</subfield>
    </datafield>
    <datafield ind1="-" ind2="2" tag="Z30">
      <subfield code="1">XAW1</subfield>
      <subfield code="2">MAG3</subfield>
      <subfield code="3">D848/1987,7</subfield>
      <subfield code="b">1987</subfield>
      <subfield code="c">7</subfield>
      <subfield code="h">1987, Juli</subfield>
    </datafield>
    <datafield ind1="-" ind2="2" tag="Z30">
      <subfield code="1">XAW1</subfield>
      <subfield code="2">MAG3</subfield>
      <subfield code="3">D848/1987,8</subfield>
      <subfield code="b">1987</subfield>
      <subfield code="c">8</subfield>
      <subfield code="h">1987, Aug.</subfield>
    </datafield>
    <datafield ind1="-" ind2="2" tag="Z30">
      <subfield code="1">XAW1</subfield>
      <subfield code="2">MAG3</subfield>
      <subfield code="3">D848/1987,9</subfield>
      <subfield code="b">1987</subfield>
      <subfield code="c">9</subfield>
      <subfield code="h">1987, Sept.</subfield>
    </datafield>
    <datafield ind1="-" ind2="2" tag="Z30">
      <subfield code="1">XAW1</subfield>
      <subfield code="2">MAG3</subfield>
      <subfield code="3">D848/1988,1</subfield>
      <subfield code="b">1988</subfield>
      <subfield code="c">1</subfield>
      <subfield code="h">1988, J&#xE4;n.</subfield>
    </datafield>
    <datafield ind1="-" ind2="2" tag="Z30">
      <subfield code="1">XAW1</subfield>
      <subfield code="2">MAG3</subfield>
      <subfield code="3">D848/1988,10</subfield>
      <subfield code="b">1988</subfield>
      <subfield code="c">10</subfield>
      <subfield code="h">1988, Okt.</subfield>
    </datafield>
    <datafield ind1="-" ind2="2" tag="Z30">
      <subfield code="1">XAW1</subfield>
      <subfield code="2">MAG3</subfield>
      <subfield code="3">D848/1988,11</subfield>
      <subfield code="b">1988</subfield>
      <subfield code="c">11</subfield>
      <subfield code="h">1988, Nov.</subfield>
    </datafield>
    <datafield ind1="-" ind2="2" tag="Z30">
      <subfield code="1">XAW1</subfield>
      <subfield code="2">MAG3</subfield>
      <subfield code="3">D848/1988,12</subfield>
      <subfield code="b">1988</subfield>
      <subfield code="c">12</subfield>
      <subfield code="h">1988, Dez.</subfield>
    </datafield>
    <datafield ind1="-" ind2="2" tag="Z30">
      <subfield code="1">XAW1</subfield>
      <subfield code="2">MAG3</subfield>
      <subfield code="3">D848/1988,2</subfield>
      <subfield code="b">1988</subfield>
      <subfield code="c">2</subfield>
      <subfield code="h">1988, Feb.</subfield>
    </datafield>
    <datafield ind1="-" ind2="2" tag="Z30">
      <subfield code="1">XAW1</subfield>
      <subfield code="2">MAG3</subfield>
      <subfield code="3">D848/1988,3</subfield>
      <subfield code="b">1988</subfield>
      <subfield code="c">3</subfield>
      <subfield code="h">1988, M&#xE4;rz</subfield>
    </datafield>
    <datafield ind1="-" ind2="2" tag="Z30">
      <subfield code="1">XAW1</subfield>
      <subfield code="2">MAG3</subfield>
      <subfield code="3">D848/1988,4</subfield>
      <subfield code="b">1988</subfield>
      <subfield code="c">4</subfield>
      <subfield code="h">1988, Apr.</subfield>
    </datafield>
    <datafield ind1="-" ind2="2" tag="Z30">
      <subfield code="1">XAW1</subfield>
      <subfield code="2">MAG3</subfield>
      <subfield code="3">D848/1988,5</subfield>
      <subfield code="b">1988</subfield>
      <subfield code="c">5</subfield>
      <subfield code="h">1988, Mai</subfield>
    </datafield>
    <datafield ind1="-" ind2="2" tag="Z30">
      <subfield code="1">XAW1</subfield>
      <subfield code="2">MAG3</subfield>
      <subfield code="3">D848/1988,6</subfield>
      <subfield code="b">1988</subfield>
      <subfield code="c">6</subfield>
      <subfield code="h">1988, Juni</subfield>
    </datafield>
    <datafield ind1="-" ind2="2" tag="Z30">
      <subfield code="1">XAW1</subfield>
      <subfield code="2">MAG3</subfield>
      <subfield code="3">D848/1988,7</subfield>
      <subfield code="b">1988</subfield>
      <subfield code="c">7</subfield>
      <subfield code="h">1988, Juli</subfield>
    </datafield>
    <datafield ind1="-" ind2="2" tag="Z30">
      <subfield code="1">XAW1</subfield>
      <subfield code="2">MAG3</subfield>
      <subfield code="3">D848/1988,8</subfield>
      <subfield code="b">1988</subfield>
      <subfield code="c">8</subfield>
      <subfield code="h">1988, Aug.</subfield>
    </datafield>
    <datafield ind1="-" ind2="2" tag="Z30">
      <subfield code="1">XAW1</subfield>
      <subfield code="2">MAG3</subfield>
      <subfield code="3">D848/1988,9</subfield>
      <subfield code="b">1988</subfield>
      <subfield code="c">9</subfield>
      <subfield code="h">1988, Sept.</subfield>
    </datafield>
    <datafield ind1="-" ind2="2" tag="Z30">
      <subfield code="1">XAW1</subfield>
      <subfield code="2">MAG3</subfield>
      <subfield code="3">D848/1989,1</subfield>
      <subfield code="b">1989</subfield>
      <subfield code="c">1</subfield>
      <subfield code="h">1989, J&#xE4;n.</subfield>
    </datafield>
    <datafield ind1="-" ind2="2" tag="Z30">
      <subfield code="1">XAW1</subfield>
      <subfield code="2">MAG3</subfield>
      <subfield code="3">D848/1989,10</subfield>
      <subfield code="b">1989</subfield>
      <subfield code="c">10</subfield>
      <subfield code="h">1989, Okt.</subfield>
    </datafield>
    <datafield ind1="-" ind2="2" tag="Z30">
      <subfield code="1">XAW1</subfield>
      <subfield code="2">MAG3</subfield>
      <subfield code="3">D848/1989,11</subfield>
      <subfield code="b">1989</subfield>
      <subfield code="c">11</subfield>
      <subfield code="h">1989, Nov.</subfield>
    </datafield>
    <datafield ind1="-" ind2="2" tag="Z30">
      <subfield code="1">XAW1</subfield>
      <subfield code="2">MAG3</subfield>
      <subfield code="3">D848/1989,12</subfield>
      <subfield code="b">1989</subfield>
      <subfield code="c">12</subfield>
      <subfield code="h">1989, Dez.</subfield>
    </datafield>
    <datafield ind1="-" ind2="2" tag="Z30">
      <subfield code="1">XAW1</subfield>
      <subfield code="2">MAG3</subfield>
      <subfield code="3">D848/1989,2</subfield>
      <subfield code="b">1989</subfield>
      <subfield code="c">2</subfield>
      <subfield code="h">1989, Feb.</subfield>
    </datafield>
    <datafield ind1="-" ind2="2" tag="Z30">
      <subfield code="1">XAW1</subfield>
      <subfield code="2">MAG3</subfield>
      <subfield code="3">D848/1989,3</subfield>
      <subfield code="b">1989</subfield>
      <subfield code="c">3</subfield>
      <subfield code="h">1989, M&#xE4;rz</subfield>
    </datafield>
    <datafield ind1="-" ind2="2" tag="Z30">
      <subfield code="1">XAW1</subfield>
      <subfield code="2">MAG3</subfield>
      <subfield code="3">D848/1989,4</subfield>
      <subfield code="b">1989</subfield>
      <subfield code="c">4</subfield>
      <subfield code="h">1989, Apr.</subfield>
    </datafield>
    <datafield ind1="-" ind2="2" tag="Z30">
      <subfield code="1">XAW1</subfield>
      <subfield code="2">MAG3</subfield>
      <subfield code="3">D848/1989,5</subfield>
      <subfield code="b">1989</subfield>
      <subfield code="c">5</subfield>
      <subfield code="h">1989, Mai</subfield>
    </datafield>
    <datafield ind1="-" ind2="2" tag="Z30">
      <subfield code="1">XAW1</subfield>
      <subfield code="2">MAG3</subfield>
      <subfield code="3">D848/1989,6</subfield>
      <subfield code="b">1989</subfield>
      <subfield code="c">6</subfield>
      <subfield code="h">1989, Juni</subfield>
    </datafield>
    <datafield ind1="-" ind2="2" tag="Z30">
      <subfield code="1">XAW1</subfield>
      <subfield code="2">MAG3</subfield>
      <subfield code="3">D848/1989,7</subfield>
      <subfield code="b">1989</subfield>
      <subfield code="c">7</subfield>
      <subfield code="h">1989, Juli</subfield>
    </datafield>
    <datafield ind1="-" ind2="2" tag="Z30">
      <subfield code="1">XAW1</subfield>
      <subfield code="2">MAG3</subfield>
      <subfield code="3">D848/1989,8</subfield>
      <subfield code="b">1989</subfield>
      <subfield code="c">8</subfield>
      <subfield code="h">1989, Aug.</subfield>
    </datafield>
    <datafield ind1="-" ind2="2" tag="Z30">
      <subfield code="1">XAW1</subfield>
      <subfield code="2">MAG3</subfield>
      <subfield code="3">D848/1989,9</subfield>
      <subfield code="b">1989</subfield>
      <subfield code="c">9</subfield>
      <subfield code="h">1989, Sept.</subfield>
    </datafield>
    <datafield ind1="-" ind2="2" tag="Z30">
      <subfield code="1">XAW1</subfield>
      <subfield code="2">MAG3</subfield>
      <subfield code="3">D848/1990,1</subfield>
      <subfield code="b">1990</subfield>
      <subfield code="c">1</subfield>
      <subfield code="h">1990, J&#xE4;n.</subfield>
    </datafield>
    <datafield ind1="-" ind2="2" tag="Z30">
      <subfield code="1">XAW1</subfield>
      <subfield code="2">MAG3</subfield>
      <subfield code="3">D848/1990,10</subfield>
      <subfield code="b">1990</subfield>
      <subfield code="c">10</subfield>
      <subfield code="h">1990, Okt.</subfield>
    </datafield>
    <datafield ind1="-" ind2="2" tag="Z30">
      <subfield code="1">XAW1</subfield>
      <subfield code="2">MAG3</subfield>
      <subfield code="3">D848/1990,11</subfield>
      <subfield code="b">1990</subfield>
      <subfield code="c">11</subfield>
      <subfield code="h">1990, Nov.</subfield>
    </datafield>
    <datafield ind1="-" ind2="2" tag="Z30">
      <subfield code="1">XAW1</subfield>
      <subfield code="2">MAG3</subfield>
      <subfield code="3">D848/1990,12</subfield>
      <subfield code="b">1990</subfield>
      <subfield code="c">12</subfield>
      <subfield code="h">1990, Dez.</subfield>
    </datafield>
    <datafield ind1="-" ind2="2" tag="Z30">
      <subfield code="1">XAW1</subfield>
      <subfield code="2">MAG3</subfield>
      <subfield code="3">D848/1990,2</subfield>
      <subfield code="b">1990</subfield>
      <subfield code="c">2</subfield>
      <subfield code="h">1990, Feb.</subfield>
    </datafield>
    <datafield ind1="-" ind2="2" tag="Z30">
      <subfield code="1">XAW1</subfield>
      <subfield code="2">MAG3</subfield>
      <subfield code="3">D848/1990,3</subfield>
      <subfield code="b">1990</subfield>
      <subfield code="c">3</subfield>
      <subfield code="h">1990, M&#xE4;rz</subfield>
    </datafield>
    <datafield ind1="-" ind2="2" tag="Z30">
      <subfield code="1">XAW1</subfield>
      <subfield code="2">MAG3</subfield>
      <subfield code="3">D848/1990,4</subfield>
      <subfield code="b">1990</subfield>
      <subfield code="c">4</subfield>
      <subfield code="h">1990, Apr.</subfield>
    </datafield>
    <datafield ind1="-" ind2="2" tag="Z30">
      <subfield code="1">XAW1</subfield>
      <subfield code="2">MAG3</subfield>
      <subfield code="3">D848/1990,5</subfield>
      <subfield code="b">1990</subfield>
      <subfield code="c">5</subfield>
      <subfield code="h">1990, Mai</subfield>
    </datafield>
    <datafield ind1="-" ind2="2" tag="Z30">
      <subfield code="1">XAW1</subfield>
      <subfield code="2">MAG3</subfield>
      <subfield code="3">D848/1990,6</subfield>
      <subfield code="b">1990</subfield>
      <subfield code="c">6</subfield>
      <subfield code="h">1990, Juni</subfield>
    </datafield>
    <datafield ind1="-" ind2="2" tag="Z30">
      <subfield code="1">XAW1</subfield>
      <subfield code="2">MAG3</subfield>
      <subfield code="3">D848/1990,7</subfield>
      <subfield code="b">1990</subfield>
      <subfield code="c">7</subfield>
      <subfield code="h">1990, Juli</subfield>
    </datafield>
    <datafield ind1="-" ind2="2" tag="Z30">
      <subfield code="1">XAW1</subfield>
      <subfield code="2">MAG3</subfield>
      <subfield code="3">D848/1990,8</subfield>
      <subfield code="b">1990</subfield>
      <subfield code="c">8</subfield>
      <subfield code="h">1990, Aug.</subfield>
    </datafield>
    <datafield ind1="-" ind2="2" tag="Z30">
      <subfield code="1">XAW1</subfield>
      <subfield code="2">MAG3</subfield>
      <subfield code="3">D848/1990,9</subfield>
      <subfield code="b">1990</subfield>
      <subfield code="c">9</subfield>
      <subfield code="h">1990, Sept.</subfield>
    </datafield>
    <datafield ind1="-" ind2="2" tag="Z30">
      <subfield code="1">XAW1</subfield>
      <subfield code="2">MAG3</subfield>
      <subfield code="3">D848/1991,1</subfield>
      <subfield code="b">1991</subfield>
      <subfield code="c">1</subfield>
      <subfield code="h">1991, J&#xE4;n.</subfield>
    </datafield>
    <datafield ind1="-" ind2="2" tag="Z30">
      <subfield code="1">XAW1</subfield>
      <subfield code="2">MAG3</subfield>
      <subfield code="3">D848/1991,10</subfield>
      <subfield code="b">1991</subfield>
      <subfield code="c">10</subfield>
      <subfield code="h">1991, Okt.</subfield>
    </datafield>
    <datafield ind1="-" ind2="2" tag="Z30">
      <subfield code="1">XAW1</subfield>
      <subfield code="2">MAG3</subfield>
      <subfield code="3">D848/1991,11</subfield>
      <subfield code="b">1991</subfield>
      <subfield code="c">11</subfield>
      <subfield code="h">1991, Nov.</subfield>
    </datafield>
    <datafield ind1="-" ind2="2" tag="Z30">
      <subfield code="1">XAW1</subfield>
      <subfield code="2">MAG3</subfield>
      <subfield code="3">D848/1991,12</subfield>
      <subfield code="b">1991</subfield>
      <subfield code="c">12</subfield>
      <subfield code="h">1991, Dez.</subfield>
    </datafield>
    <datafield ind1="-" ind2="2" tag="Z30">
      <subfield code="1">XAW1</subfield>
      <subfield code="2">MAG3</subfield>
      <subfield code="3">D848/1991,2</subfield>
      <subfield code="b">1991</subfield>
      <subfield code="c">2</subfield>
      <subfield code="h">1991, Feb.</subfield>
    </datafield>
    <datafield ind1="-" ind2="2" tag="Z30">
      <subfield code="1">XAW1</subfield>
      <subfield code="2">MAG3</subfield>
      <subfield code="3">D848/1991,3</subfield>
      <subfield code="b">1991</subfield>
      <subfield code="c">3</subfield>
      <subfield code="h">1991, M&#xE4;rz</subfield>
    </datafield>
    <datafield ind1="-" ind2="2" tag="Z30">
      <subfield code="1">XAW1</subfield>
      <subfield code="2">MAG3</subfield>
      <subfield code="3">D848/1991,4</subfield>
      <subfield code="b">1991</subfield>
      <subfield code="c">4</subfield>
      <subfield code="h">1991, April</subfield>
    </datafield>
    <datafield ind1="-" ind2="2" tag="Z30">
      <subfield code="1">XAW1</subfield>
      <subfield code="2">MAG3</subfield>
      <subfield code="3">D848/1991,5</subfield>
      <subfield code="b">1991</subfield>
      <subfield code="c">5</subfield>
      <subfield code="h">1991, Mai</subfield>
    </datafield>
    <datafield ind1="-" ind2="2" tag="Z30">
      <subfield code="1">XAW1</subfield>
      <subfield code="2">MAG3</subfield>
      <subfield code="3">D848/1991,6</subfield>
      <subfield code="b">1991</subfield>
      <subfield code="c">6</subfield>
      <subfield code="h">1991, Juni</subfield>
    </datafield>
    <datafield ind1="-" ind2="2" tag="Z30">
      <subfield code="1">XAW1</subfield>
      <subfield code="2">MAG3</subfield>
      <subfield code="3">D848/1991,7</subfield>
      <subfield code="b">1991</subfield>
      <subfield code="c">7</subfield>
      <subfield code="h">1991, Juli</subfield>
    </datafield>
    <datafield ind1="-" ind2="2" tag="Z30">
      <subfield code="1">XAW1</subfield>
      <subfield code="2">MAG3</subfield>
      <subfield code="3">D848/1991,8</subfield>
      <subfield code="b">1991</subfield>
      <subfield code="c">8</subfield>
      <subfield code="h">1991, Aug.</subfield>
    </datafield>
    <datafield ind1="-" ind2="2" tag="Z30">
      <subfield code="1">XAW1</subfield>
      <subfield code="2">MAG3</subfield>
      <subfield code="3">D848/1991,9</subfield>
      <subfield code="b">1991</subfield>
      <subfield code="c">9</subfield>
      <subfield code="h">1991, Sept.</subfield>
    </datafield>
    <datafield ind1="-" ind2="2" tag="Z30">
      <subfield code="1">XAW1</subfield>
      <subfield code="2">MAG3</subfield>
      <subfield code="3">D848/1992,1</subfield>
      <subfield code="b">1992</subfield>
      <subfield code="c">1</subfield>
      <subfield code="h">1992, J&#xE4;n.</subfield>
    </datafield>
    <datafield ind1="-" ind2="2" tag="Z30">
      <subfield code="1">XAW1</subfield>
      <subfield code="2">MAG3</subfield>
      <subfield code="3">D848/1992,10</subfield>
      <subfield code="b">1992</subfield>
      <subfield code="c">10</subfield>
      <subfield code="h">1992, Okt.</subfield>
    </datafield>
    <datafield ind1="-" ind2="2" tag="Z30">
      <subfield code="1">XAW1</subfield>
      <subfield code="2">MAG3</subfield>
      <subfield code="3">D848/1992,11</subfield>
      <subfield code="b">1992</subfield>
      <subfield code="c">11</subfield>
      <subfield code="h">1992, Nov.</subfield>
    </datafield>
    <datafield ind1="-" ind2="2" tag="Z30">
      <subfield code="1">XAW1</subfield>
      <subfield code="2">MAG3</subfield>
      <subfield code="3">D848/1992,12</subfield>
      <subfield code="b">1992</subfield>
      <subfield code="c">12</subfield>
      <subfield code="h">1992, Dez.</subfield>
    </datafield>
    <datafield ind1="-" ind2="2" tag="Z30">
      <subfield code="1">XAW1</subfield>
      <subfield code="2">MAG3</subfield>
      <subfield code="3">D848/1992,2</subfield>
      <subfield code="b">1992</subfield>
      <subfield code="c">2</subfield>
      <subfield code="h">1992, Feb.</subfield>
    </datafield>
    <datafield ind1="-" ind2="2" tag="Z30">
      <subfield code="1">XAW1</subfield>
      <subfield code="2">MAG3</subfield>
      <subfield code="3">D848/1992,3</subfield>
      <subfield code="b">1992</subfield>
      <subfield code="c">3</subfield>
      <subfield code="h">1992, M&#xE4;rz</subfield>
    </datafield>
    <datafield ind1="-" ind2="2" tag="Z30">
      <subfield code="1">XAW1</subfield>
      <subfield code="2">MAG3</subfield>
      <subfield code="3">D848/1992,4</subfield>
      <subfield code="b">1992</subfield>
      <subfield code="c">4</subfield>
      <subfield code="h">1992, April</subfield>
    </datafield>
    <datafield ind1="-" ind2="2" tag="Z30">
      <subfield code="1">XAW1</subfield>
      <subfield code="2">MAG3</subfield>
      <subfield code="3">D848/1992,5</subfield>
      <subfield code="b">1992</subfield>
      <subfield code="c">5</subfield>
      <subfield code="h">1992, Mai</subfield>
    </datafield>
    <datafield ind1="-" ind2="2" tag="Z30">
      <subfield code="1">XAW1</subfield>
      <subfield code="2">MAG3</subfield>
      <subfield code="3">D848/1992,6</subfield>
      <subfield code="b">1992</subfield>
      <subfield code="c">6</subfield>
      <subfield code="h">1992, Juni</subfield>
    </datafield>
    <datafield ind1="-" ind2="2" tag="Z30">
      <subfield code="1">XAW1</subfield>
      <subfield code="2">MAG3</subfield>
      <subfield code="3">D848/1992,7</subfield>
      <subfield code="b">1992</subfield>
      <subfield code="c">7</subfield>
      <subfield code="h">1992, Juli</subfield>
    </datafield>
    <datafield ind1="-" ind2="2" tag="Z30">
      <subfield code="1">XAW1</subfield>
      <subfield code="2">MAG3</subfield>
      <subfield code="3">D848/1992,8</subfield>
      <subfield code="b">1992</subfield>
      <subfield code="c">8</subfield>
      <subfield code="h">1992, Aug.</subfield>
    </datafield>
    <datafield ind1="-" ind2="2" tag="Z30">
      <subfield code="1">XAW1</subfield>
      <subfield code="2">MAG3</subfield>
      <subfield code="3">D848/1992,9</subfield>
      <subfield code="b">1992</subfield>
      <subfield code="c">9</subfield>
      <subfield code="h">1992, Sept.</subfield>
    </datafield>
    <datafield ind1="-" ind2="2" tag="Z30">
      <subfield code="1">XAW1</subfield>
      <subfield code="2">MAG3</subfield>
      <subfield code="3">D848/1993,1</subfield>
      <subfield code="b">1993</subfield>
      <subfield code="c">1</subfield>
      <subfield code="h">1993, J&#xE4;n.</subfield>
    </datafield>
    <datafield ind1="-" ind2="2" tag="Z30">
      <subfield code="1">XAW1</subfield>
      <subfield code="2">MAG3</subfield>
      <subfield code="3">D848/1993,10</subfield>
      <subfield code="b">1993</subfield>
      <subfield code="c">10</subfield>
      <subfield code="h">1993, Okt.</subfield>
    </datafield>
    <datafield ind1="-" ind2="2" tag="Z30">
      <subfield code="1">XAW1</subfield>
      <subfield code="2">MAG3</subfield>
      <subfield code="3">D848/1993,11</subfield>
      <subfield code="b">1993</subfield>
      <subfield code="c">11</subfield>
      <subfield code="h">1993, Nov.</subfield>
    </datafield>
    <datafield ind1="-" ind2="2" tag="Z30">
      <subfield code="1">XAW1</subfield>
      <subfield code="2">MAG3</subfield>
      <subfield code="3">D848/1993,12</subfield>
      <subfield code="b">1993</subfield>
      <subfield code="c">12</subfield>
      <subfield code="h">1993, Dez.</subfield>
    </datafield>
    <datafield ind1="-" ind2="2" tag="Z30">
      <subfield code="1">XAW1</subfield>
      <subfield code="2">MAG3</subfield>
      <subfield code="3">D848/1993,2</subfield>
      <subfield code="b">1993</subfield>
      <subfield code="c">2</subfield>
      <subfield code="h">1993, Feb.</subfield>
    </datafield>
    <datafield ind1="-" ind2="2" tag="Z30">
      <subfield code="1">XAW1</subfield>
      <subfield code="2">MAG3</subfield>
      <subfield code="3">D848/1993,3</subfield>
      <subfield code="b">1993</subfield>
      <subfield code="c">3</subfield>
      <subfield code="h">1993, M&#xE4;rz</subfield>
    </datafield>
    <datafield ind1="-" ind2="2" tag="Z30">
      <subfield code="1">XAW1</subfield>
      <subfield code="2">MAG3</subfield>
      <subfield code="3">D848/1993,4</subfield>
      <subfield code="b">1993</subfield>
      <subfield code="c">4</subfield>
      <subfield code="h">1993, Apr.</subfield>
    </datafield>
    <datafield ind1="-" ind2="2" tag="Z30">
      <subfield code="1">XAW1</subfield>
      <subfield code="2">MAG3</subfield>
      <subfield code="3">D848/1993,5</subfield>
      <subfield code="b">1993</subfield>
      <subfield code="c">5</subfield>
      <subfield code="h">1993, Mai</subfield>
    </datafield>
    <datafield ind1="-" ind2="2" tag="Z30">
      <subfield code="1">XAW1</subfield>
      <subfield code="2">MAG3</subfield>
      <subfield code="3">D848/1993,6,1</subfield>
      <subfield code="b">1993</subfield>
      <subfield code="c">6,1</subfield>
      <subfield code="h">1993, Juni, 1</subfield>
    </datafield>
    <datafield ind1="-" ind2="2" tag="Z30">
      <subfield code="1">XAW1</subfield>
      <subfield code="2">MAG3</subfield>
      <subfield code="3">D848/1993,6,2</subfield>
      <subfield code="b">1993</subfield>
      <subfield code="c">6,2</subfield>
      <subfield code="h">1993, Juni, 2</subfield>
    </datafield>
    <datafield ind1="-" ind2="2" tag="Z30">
      <subfield code="1">XAW1</subfield>
      <subfield code="2">MAG3</subfield>
      <subfield code="3">D848/1993,7</subfield>
      <subfield code="b">1993</subfield>
      <subfield code="c">7</subfield>
      <subfield code="h">1993, Juli</subfield>
    </datafield>
    <datafield ind1="-" ind2="2" tag="Z30">
      <subfield code="1">XAW1</subfield>
      <subfield code="2">MAG3</subfield>
      <subfield code="3">D848/1993,8</subfield>
      <subfield code="b">1993</subfield>
      <subfield code="c">8</subfield>
      <subfield code="h">1993, Aug.</subfield>
    </datafield>
    <datafield ind1="-" ind2="2" tag="Z30">
      <subfield code="1">XAW1</subfield>
      <subfield code="2">MAG3</subfield>
      <subfield code="3">D848/1993,9</subfield>
      <subfield code="b">1993</subfield>
      <subfield code="c">9</subfield>
      <subfield code="h">1993, Sept.</subfield>
    </datafield>
    <datafield ind1="-" ind2="2" tag="Z30">
      <subfield code="1">XAW1</subfield>
      <subfield code="2">MAG3</subfield>
      <subfield code="3">D848/1994,1</subfield>
      <subfield code="b">1994</subfield>
      <subfield code="c">1</subfield>
      <subfield code="h">1994, Jan.</subfield>
    </datafield>
    <datafield ind1="-" ind2="2" tag="Z30">
      <subfield code="1">XAW1</subfield>
      <subfield code="2">MAG3</subfield>
      <subfield code="3">D848/1994,10</subfield>
      <subfield code="b">1994</subfield>
      <subfield code="c">10</subfield>
      <subfield code="h">1994, Okt.</subfield>
    </datafield>
    <datafield ind1="-" ind2="2" tag="Z30">
      <subfield code="1">XAW1</subfield>
      <subfield code="2">MAG3</subfield>
      <subfield code="3">D848/1994,11</subfield>
      <subfield code="b">1994</subfield>
      <subfield code="c">11</subfield>
      <subfield code="h">1994, Nov.</subfield>
    </datafield>
    <datafield ind1="-" ind2="2" tag="Z30">
      <subfield code="1">XAW1</subfield>
      <subfield code="2">MAG3</subfield>
      <subfield code="3">D848/1994,12</subfield>
      <subfield code="b">1994</subfield>
      <subfield code="c">12</subfield>
      <subfield code="h">1994, Dez.</subfield>
    </datafield>
    <datafield ind1="-" ind2="2" tag="Z30">
      <subfield code="1">XAW1</subfield>
      <subfield code="2">MAG3</subfield>
      <subfield code="3">D848/1994,2</subfield>
      <subfield code="b">1994</subfield>
      <subfield code="c">2</subfield>
      <subfield code="h">1994, Feb.</subfield>
    </datafield>
    <datafield ind1="-" ind2="2" tag="Z30">
      <subfield code="1">XAW1</subfield>
      <subfield code="2">MAG3</subfield>
      <subfield code="3">D848/1994,3</subfield>
      <subfield code="b">1994</subfield>
      <subfield code="c">3</subfield>
      <subfield code="h">1994, M&#xE4;rz</subfield>
    </datafield>
    <datafield ind1="-" ind2="2" tag="Z30">
      <subfield code="1">XAW1</subfield>
      <subfield code="2">MAG3</subfield>
      <subfield code="3">D848/1994,4</subfield>
      <subfield code="b">1994</subfield>
      <subfield code="c">4</subfield>
      <subfield code="h">1994, Apr.</subfield>
    </datafield>
    <datafield ind1="-" ind2="2" tag="Z30">
      <subfield code="1">XAW1</subfield>
      <subfield code="2">MAG3</subfield>
      <subfield code="3">D848/1994,5</subfield>
      <subfield code="b">1994</subfield>
      <subfield code="c">5</subfield>
      <subfield code="h">1994, Mai</subfield>
    </datafield>
    <datafield ind1="-" ind2="2" tag="Z30">
      <subfield code="1">XAW1</subfield>
      <subfield code="2">MAG3</subfield>
      <subfield code="3">D848/1994,6</subfield>
      <subfield code="b">1994</subfield>
      <subfield code="c">6</subfield>
      <subfield code="h">1994, Juni</subfield>
    </datafield>
    <datafield ind1="-" ind2="2" tag="Z30">
      <subfield code="1">XAW1</subfield>
      <subfield code="2">MAG3</subfield>
      <subfield code="3">D848/1994,7</subfield>
      <subfield code="b">1994</subfield>
      <subfield code="c">7</subfield>
      <subfield code="h">1994, Juli</subfield>
    </datafield>
    <datafield ind1="-" ind2="2" tag="Z30">
      <subfield code="1">XAW1</subfield>
      <subfield code="2">MAG3</subfield>
      <subfield code="3">D848/1994,8</subfield>
      <subfield code="b">1994</subfield>
      <subfield code="c">8</subfield>
      <subfield code="h">1994, Aug.</subfield>
    </datafield>
    <datafield ind1="-" ind2="2" tag="Z30">
      <subfield code="1">XAW1</subfield>
      <subfield code="2">MAG3</subfield>
      <subfield code="3">D848/1994,9</subfield>
      <subfield code="b">1994</subfield>
      <subfield code="c">9</subfield>
      <subfield code="h">1994, Sept.</subfield>
    </datafield>
    <datafield ind1="-" ind2="2" tag="Z30">
      <subfield code="1">XAW1</subfield>
      <subfield code="2">MAG3</subfield>
      <subfield code="3">D848/1995,1</subfield>
      <subfield code="b">1995</subfield>
      <subfield code="c">1</subfield>
      <subfield code="h">1995, Jan.</subfield>
    </datafield>
    <datafield ind1="-" ind2="2" tag="Z30">
      <subfield code="1">XAW1</subfield>
      <subfield code="2">MAG3</subfield>
      <subfield code="3">D848/1995,10</subfield>
      <subfield code="b">1995</subfield>
      <subfield code="c">10</subfield>
      <subfield code="h">1995, Okt.</subfield>
    </datafield>
    <datafield ind1="-" ind2="2" tag="Z30">
      <subfield code="1">XAW1</subfield>
      <subfield code="2">MAG3</subfield>
      <subfield code="3">D848/1995,11</subfield>
      <subfield code="b">1995</subfield>
      <subfield code="c">11</subfield>
      <subfield code="h">1995, Nov.</subfield>
    </datafield>
    <datafield ind1="-" ind2="2" tag="Z30">
      <subfield code="1">XAW1</subfield>
      <subfield code="2">MAG3</subfield>
      <subfield code="3">D848/1995,12</subfield>
      <subfield code="b">1995</subfield>
      <subfield code="c">12</subfield>
      <subfield code="h">1995, Dez.</subfield>
    </datafield>
    <datafield ind1="-" ind2="2" tag="Z30">
      <subfield code="1">XAW1</subfield>
      <subfield code="2">MAG3</subfield>
      <subfield code="3">D848/1995,2</subfield>
      <subfield code="b">1995</subfield>
      <subfield code="c">2</subfield>
      <subfield code="h">1995, Feb.</subfield>
    </datafield>
    <datafield ind1="-" ind2="2" tag="Z30">
      <subfield code="1">XAW1</subfield>
      <subfield code="2">MAG3</subfield>
      <subfield code="3">D848/1995,3</subfield>
      <subfield code="b">1995</subfield>
      <subfield code="c">3</subfield>
      <subfield code="h">1995, M&#xE4;rz</subfield>
    </datafield>
    <datafield ind1="-" ind2="2" tag="Z30">
      <subfield code="1">XAW1</subfield>
      <subfield code="2">MAG3</subfield>
      <subfield code="3">D848/1995,4</subfield>
      <subfield code="b">1995</subfield>
      <subfield code="c">4</subfield>
      <subfield code="h">1995, Apr.</subfield>
    </datafield>
    <datafield ind1="-" ind2="2" tag="Z30">
      <subfield code="1">XAW1</subfield>
      <subfield code="2">MAG3</subfield>
      <subfield code="3">D848/1995,5</subfield>
      <subfield code="b">1995</subfield>
      <subfield code="c">5</subfield>
      <subfield code="h">1995, Mai</subfield>
    </datafield>
    <datafield ind1="-" ind2="2" tag="Z30">
      <subfield code="1">XAW1</subfield>
      <subfield code="2">MAG3</subfield>
      <subfield code="3">D848/1995,6</subfield>
      <subfield code="b">1995</subfield>
      <subfield code="c">6</subfield>
      <subfield code="h">1995, Juni</subfield>
    </datafield>
    <datafield ind1="-" ind2="2" tag="Z30">
      <subfield code="1">XAW1</subfield>
      <subfield code="2">MAG3</subfield>
      <subfield code="3">D848/1995,7</subfield>
      <subfield code="b">1995</subfield>
      <subfield code="c">7</subfield>
      <subfield code="h">1995, Juli</subfield>
    </datafield>
    <datafield ind1="-" ind2="2" tag="Z30">
      <subfield code="1">XAW1</subfield>
      <subfield code="2">MAG3</subfield>
      <subfield code="3">D848/1995,8</subfield>
      <subfield code="b">1995</subfield>
      <subfield code="c">8</subfield>
      <subfield code="h">1995, Aug.</subfield>
    </datafield>
    <datafield ind1="-" ind2="2" tag="Z30">
      <subfield code="1">XAW1</subfield>
      <subfield code="2">MAG3</subfield>
      <subfield code="3">D848/1995,9</subfield>
      <subfield code="b">1995</subfield>
      <subfield code="c">9</subfield>
      <subfield code="h">1995, Sept</subfield>
    </datafield>
    <datafield ind1="-" ind2="2" tag="Z30">
      <subfield code="1">XAW1</subfield>
      <subfield code="2">MAG3</subfield>
      <subfield code="3">D848/1996,1</subfield>
      <subfield code="b">1996</subfield>
      <subfield code="c">1</subfield>
      <subfield code="h">1996, Jan.</subfield>
    </datafield>
    <datafield ind1="-" ind2="2" tag="Z30">
      <subfield code="1">XAW1</subfield>
      <subfield code="2">MAG3</subfield>
      <subfield code="3">D848/1996,10</subfield>
      <subfield code="b">1996</subfield>
      <subfield code="c">10</subfield>
      <subfield code="h">1996, Okt.</subfield>
    </datafield>
    <datafield ind1="-" ind2="2" tag="Z30">
      <subfield code="1">XAW1</subfield>
      <subfield code="2">MAG3</subfield>
      <subfield code="3">D848/1996,11</subfield>
      <subfield code="b">1996</subfield>
      <subfield code="c">11</subfield>
      <subfield code="h">1996, Nov.</subfield>
    </datafield>
    <datafield ind1="-" ind2="2" tag="Z30">
      <subfield code="1">XAW1</subfield>
      <subfield code="2">MAG3</subfield>
      <subfield code="3">D848/1996,12</subfield>
      <subfield code="b">1996</subfield>
      <subfield code="c">12</subfield>
      <subfield code="h">1996, Dez.</subfield>
    </datafield>
    <datafield ind1="-" ind2="2" tag="Z30">
      <subfield code="1">XAW1</subfield>
      <subfield code="2">MAG3</subfield>
      <subfield code="3">D848/1996,2</subfield>
      <subfield code="b">1996</subfield>
      <subfield code="c">2</subfield>
      <subfield code="h">1996, Feb.</subfield>
    </datafield>
    <datafield ind1="-" ind2="2" tag="Z30">
      <subfield code="1">XAW1</subfield>
      <subfield code="2">MAG3</subfield>
      <subfield code="3">D848/1996,3</subfield>
      <subfield code="b">1996</subfield>
      <subfield code="c">3</subfield>
      <subfield code="h">1996, M&#xE4;rz</subfield>
    </datafield>
    <datafield ind1="-" ind2="2" tag="Z30">
      <subfield code="1">XAW1</subfield>
      <subfield code="2">MAG3</subfield>
      <subfield code="3">D848/1996,4</subfield>
      <subfield code="b">1996</subfield>
      <subfield code="c">4</subfield>
      <subfield code="h">1996, Apr.</subfield>
    </datafield>
    <datafield ind1="-" ind2="2" tag="Z30">
      <subfield code="1">XAW1</subfield>
      <subfield code="2">MAG3</subfield>
      <subfield code="3">D848/1996,5</subfield>
      <subfield code="b">1996</subfield>
      <subfield code="c">5</subfield>
      <subfield code="h">1996, Mai</subfield>
    </datafield>
    <datafield ind1="-" ind2="2" tag="Z30">
      <subfield code="1">XAW1</subfield>
      <subfield code="2">MAG3</subfield>
      <subfield code="3">D848/1996,6</subfield>
      <subfield code="b">1996</subfield>
      <subfield code="c">6</subfield>
      <subfield code="h">1996, Juni</subfield>
    </datafield>
    <datafield ind1="-" ind2="2" tag="Z30">
      <subfield code="1">XAW1</subfield>
      <subfield code="2">MAG3</subfield>
      <subfield code="3">D848/1996,7</subfield>
      <subfield code="b">1996</subfield>
      <subfield code="c">7</subfield>
      <subfield code="h">1996, Juli</subfield>
    </datafield>
    <datafield ind1="-" ind2="2" tag="Z30">
      <subfield code="1">XAW1</subfield>
      <subfield code="2">MAG3</subfield>
      <subfield code="3">D848/1996,8</subfield>
      <subfield code="b">1996</subfield>
      <subfield code="c">8</subfield>
      <subfield code="h">1996, Aug.</subfield>
    </datafield>
    <datafield ind1="-" ind2="2" tag="Z30">
      <subfield code="1">XAW1</subfield>
      <subfield code="2">MAG3</subfield>
      <subfield code="3">D848/1996,9</subfield>
      <subfield code="b">1996</subfield>
      <subfield code="c">9</subfield>
      <subfield code="h">1996, Sept.</subfield>
    </datafield>
    <datafield ind1="-" ind2="2" tag="Z30">
      <subfield code="1">XAW1</subfield>
      <subfield code="2">MAG3</subfield>
      <subfield code="3">D848/1997,1</subfield>
      <subfield code="b">1997</subfield>
      <subfield code="c">1</subfield>
      <subfield code="h">1997, Jan.</subfield>
    </datafield>
    <datafield ind1="-" ind2="2" tag="Z30">
      <subfield code="1">XAW1</subfield>
      <subfield code="2">MAG3</subfield>
      <subfield code="3">D848/1997,10</subfield>
      <subfield code="b">1997</subfield>
      <subfield code="c">10</subfield>
      <subfield code="h">1997, Okt.</subfield>
    </datafield>
    <datafield ind1="-" ind2="2" tag="Z30">
      <subfield code="1">XAW1</subfield>
      <subfield code="2">MAG3</subfield>
      <subfield code="3">D848/1997,11</subfield>
      <subfield code="b">1997</subfield>
      <subfield code="c">11</subfield>
      <subfield code="h">1997, Nov.</subfield>
    </datafield>
    <datafield ind1="-" ind2="2" tag="Z30">
      <subfield code="1">XAW1</subfield>
      <subfield code="2">MAG3</subfield>
      <subfield code="3">D848/1997,12</subfield>
      <subfield code="b">1997</subfield>
      <subfield code="c">12</subfield>
      <subfield code="h">1997, Dez.</subfield>
    </datafield>
    <datafield ind1="-" ind2="2" tag="Z30">
      <subfield code="1">XAW1</subfield>
      <subfield code="2">MAG3</subfield>
      <subfield code="3">D848/1997,2</subfield>
      <subfield code="b">1997</subfield>
      <subfield code="c">2</subfield>
      <subfield code="h">1997, Feb.</subfield>
    </datafield>
    <datafield ind1="-" ind2="2" tag="Z30">
      <subfield code="1">XAW1</subfield>
      <subfield code="2">MAG3</subfield>
      <subfield code="3">D848/1997,3</subfield>
      <subfield code="b">1997</subfield>
      <subfield code="c">3</subfield>
      <subfield code="h">1997, M&#xE4;rz</subfield>
    </datafield>
    <datafield ind1="-" ind2="2" tag="Z30">
      <subfield code="1">XAW1</subfield>
      <subfield code="2">MAG3</subfield>
      <subfield code="3">D848/1997,4</subfield>
      <subfield code="b">1997</subfield>
      <subfield code="c">4</subfield>
      <subfield code="h">1997, Apr.</subfield>
    </datafield>
    <datafield ind1="-" ind2="2" tag="Z30">
      <subfield code="1">XAW1</subfield>
      <subfield code="2">MAG3</subfield>
      <subfield code="3">D848/1997,5</subfield>
      <subfield code="b">1997</subfield>
      <subfield code="c">5</subfield>
      <subfield code="h">1997, Mai</subfield>
    </datafield>
    <datafield ind1="-" ind2="2" tag="Z30">
      <subfield code="1">XAW1</subfield>
      <subfield code="2">MAG3</subfield>
      <subfield code="3">D848/1997,6</subfield>
      <subfield code="b">1997</subfield>
      <subfield code="c">6</subfield>
      <subfield code="h">1997, Juni</subfield>
    </datafield>
    <datafield ind1="-" ind2="2" tag="Z30">
      <subfield code="1">XAW1</subfield>
      <subfield code="2">MAG3</subfield>
      <subfield code="3">D848/1997,7</subfield>
      <subfield code="b">1997</subfield>
      <subfield code="c">7</subfield>
      <subfield code="h">1997, Juli</subfield>
    </datafield>
    <datafield ind1="-" ind2="2" tag="Z30">
      <subfield code="1">XAW1</subfield>
      <subfield code="2">MAG3</subfield>
      <subfield code="3">D848/1997,8</subfield>
      <subfield code="b">1997</subfield>
      <subfield code="c">8</subfield>
      <subfield code="h">1997, Aug.</subfield>
    </datafield>
    <datafield ind1="-" ind2="2" tag="Z30">
      <subfield code="1">XAW1</subfield>
      <subfield code="2">MAG3</subfield>
      <subfield code="3">D848/1997,9</subfield>
      <subfield code="b">1997</subfield>
      <subfield code="c">9</subfield>
      <subfield code="h">1997, Sept.</subfield>
    </datafield>
    <datafield ind1="-" ind2="2" tag="Z30">
      <subfield code="1">XAW1</subfield>
      <subfield code="2">MAG3</subfield>
      <subfield code="3">D848/1998,1</subfield>
      <subfield code="b">1998</subfield>
      <subfield code="c">1</subfield>
      <subfield code="h">1998, Jan.</subfield>
    </datafield>
    <datafield ind1="-" ind2="2" tag="Z30">
      <subfield code="1">XAW1</subfield>
      <subfield code="2">MAG3</subfield>
      <subfield code="3">D848/1998,10</subfield>
      <subfield code="b">1998</subfield>
      <subfield code="c">10</subfield>
      <subfield code="h">1998, Okt.</subfield>
    </datafield>
    <datafield ind1="-" ind2="2" tag="Z30">
      <subfield code="1">XAW1</subfield>
      <subfield code="2">MAG3</subfield>
      <subfield code="3">D848/1998,11</subfield>
      <subfield code="b">1998</subfield>
      <subfield code="c">11</subfield>
      <subfield code="h">1998, Nov.</subfield>
    </datafield>
    <datafield ind1="-" ind2="2" tag="Z30">
      <subfield code="1">XAW1</subfield>
      <subfield code="2">MAG3</subfield>
      <subfield code="3">D848/1998,12</subfield>
      <subfield code="b">1998</subfield>
      <subfield code="c">12</subfield>
      <subfield code="h">1998, Dez.</subfield>
    </datafield>
    <datafield ind1="-" ind2="2" tag="Z30">
      <subfield code="1">XAW1</subfield>
      <subfield code="2">MAG3</subfield>
      <subfield code="3">D848/1998,2</subfield>
      <subfield code="b">1998</subfield>
      <subfield code="c">2</subfield>
      <subfield code="h">1998, Feb.</subfield>
    </datafield>
    <datafield ind1="-" ind2="2" tag="Z30">
      <subfield code="1">XAW1</subfield>
      <subfield code="2">MAG3</subfield>
      <subfield code="3">D848/1998,3</subfield>
      <subfield code="b">1998</subfield>
      <subfield code="c">3</subfield>
      <subfield code="h">1998, M&#xE4;rz</subfield>
    </datafield>
    <datafield ind1="-" ind2="2" tag="Z30">
      <subfield code="1">XAW1</subfield>
      <subfield code="2">MAG3</subfield>
      <subfield code="3">D848/1998,4</subfield>
      <subfield code="b">1998</subfield>
      <subfield code="c">4</subfield>
      <subfield code="h">1998, Apr.</subfield>
    </datafield>
    <datafield ind1="-" ind2="2" tag="Z30">
      <subfield code="1">XAW1</subfield>
      <subfield code="2">MAG3</subfield>
      <subfield code="3">D848/1998,5</subfield>
      <subfield code="b">1998</subfield>
      <subfield code="c">5</subfield>
      <subfield code="h">1998, Mai</subfield>
    </datafield>
    <datafield ind1="-" ind2="2" tag="Z30">
      <subfield code="1">XAW1</subfield>
      <subfield code="2">MAG3</subfield>
      <subfield code="3">D848/1998,6</subfield>
      <subfield code="b">1998</subfield>
      <subfield code="c">6</subfield>
      <subfield code="h">1998, Juni</subfield>
    </datafield>
    <datafield ind1="-" ind2="2" tag="Z30">
      <subfield code="1">XAW1</subfield>
      <subfield code="2">MAG3</subfield>
      <subfield code="3">D848/1998,7</subfield>
      <subfield code="b">1998</subfield>
      <subfield code="c">7</subfield>
      <subfield code="h">1998, Juli</subfield>
    </datafield>
    <datafield ind1="-" ind2="2" tag="Z30">
      <subfield code="1">XAW1</subfield>
      <subfield code="2">MAG3</subfield>
      <subfield code="3">D848/1998,8</subfield>
      <subfield code="b">1998</subfield>
      <subfield code="c">8</subfield>
      <subfield code="h">1998, Aug.</subfield>
    </datafield>
    <datafield ind1="-" ind2="2" tag="Z30">
      <subfield code="1">XAW1</subfield>
      <subfield code="2">MAG3</subfield>
      <subfield code="3">D848/1998,9</subfield>
      <subfield code="b">1998</subfield>
      <subfield code="c">9</subfield>
      <subfield code="h">1998, Sept.</subfield>
    </datafield>
    <datafield ind1="-" ind2="2" tag="Z30">
      <subfield code="1">XAW1</subfield>
      <subfield code="2">MAG3</subfield>
      <subfield code="3">D848/1999,1</subfield>
      <subfield code="b">1999</subfield>
      <subfield code="c">1</subfield>
      <subfield code="h">1999, Jan.</subfield>
    </datafield>
    <datafield ind1="-" ind2="2" tag="Z30">
      <subfield code="1">XAW1</subfield>
      <subfield code="2">MAG3</subfield>
      <subfield code="3">D848/1999,10</subfield>
      <subfield code="b">1999</subfield>
      <subfield code="c">10</subfield>
      <subfield code="h">1999, Okt.</subfield>
    </datafield>
    <datafield ind1="-" ind2="2" tag="Z30">
      <subfield code="1">XAW1</subfield>
      <subfield code="2">MAG3</subfield>
      <subfield code="3">D848/1999,11</subfield>
      <subfield code="b">1999</subfield>
      <subfield code="c">11</subfield>
      <subfield code="h">1999, Nov.</subfield>
    </datafield>
    <datafield ind1="-" ind2="2" tag="Z30">
      <subfield code="1">XAW1</subfield>
      <subfield code="2">MAG3</subfield>
      <subfield code="3">D848/1999,12</subfield>
      <subfield code="b">1999</subfield>
      <subfield code="c">12</subfield>
      <subfield code="h">1999, Dez.</subfield>
    </datafield>
    <datafield ind1="-" ind2="2" tag="Z30">
      <subfield code="1">XAW1</subfield>
      <subfield code="2">MAG3</subfield>
      <subfield code="3">D848/1999,2</subfield>
      <subfield code="b">1999</subfield>
      <subfield code="c">2</subfield>
      <subfield code="h">1999, Feb.</subfield>
    </datafield>
    <datafield ind1="-" ind2="2" tag="Z30">
      <subfield code="1">XAW1</subfield>
      <subfield code="2">MAG3</subfield>
      <subfield code="3">D848/1999,3</subfield>
      <subfield code="b">1999</subfield>
      <subfield code="c">3</subfield>
      <subfield code="h">1999, M&#xE4;rz</subfield>
    </datafield>
    <datafield ind1="-" ind2="2" tag="Z30">
      <subfield code="1">XAW1</subfield>
      <subfield code="2">MAG3</subfield>
      <subfield code="3">D848/1999,4</subfield>
      <subfield code="b">1999</subfield>
      <subfield code="c">4</subfield>
      <subfield code="h">1999, Apr.</subfield>
    </datafield>
    <datafield ind1="-" ind2="2" tag="Z30">
      <subfield code="1">XAW1</subfield>
      <subfield code="2">MAG3</subfield>
      <subfield code="3">D848/1999,5</subfield>
      <subfield code="b">1999</subfield>
      <subfield code="c">5</subfield>
      <subfield code="h">1999, Mai</subfield>
    </datafield>
    <datafield ind1="-" ind2="2" tag="Z30">
      <subfield code="1">XAW1</subfield>
      <subfield code="2">MAG3</subfield>
      <subfield code="3">D848/1999,6</subfield>
      <subfield code="b">1999</subfield>
      <subfield code="c">6</subfield>
      <subfield code="h">1999, Juni</subfield>
    </datafield>
    <datafield ind1="-" ind2="2" tag="Z30">
      <subfield code="1">XAW1</subfield>
      <subfield code="2">MAG3</subfield>
      <subfield code="3">D848/1999,7</subfield>
      <subfield code="b">1999</subfield>
      <subfield code="c">7</subfield>
      <subfield code="h">1999, Juli</subfield>
    </datafield>
    <datafield ind1="-" ind2="2" tag="Z30">
      <subfield code="1">XAW1</subfield>
      <subfield code="2">MAG3</subfield>
      <subfield code="3">D848/1999,8</subfield>
      <subfield code="b">1999</subfield>
      <subfield code="c">8</subfield>
      <subfield code="h">1999, Aug.</subfield>
    </datafield>
    <datafield ind1="-" ind2="2" tag="Z30">
      <subfield code="1">XAW1</subfield>
      <subfield code="2">MAG3</subfield>
      <subfield code="3">D848/1999,9</subfield>
      <subfield code="b">1999</subfield>
      <subfield code="c">9</subfield>
      <subfield code="h">1999, Sept.</subfield>
    </datafield>
    <datafield ind1="-" ind2="2" tag="Z30">
      <subfield code="1">XAW1</subfield>
      <subfield code="2">MAG3</subfield>
      <subfield code="3">D848/2000,1</subfield>
      <subfield code="b">2000</subfield>
      <subfield code="c">1</subfield>
      <subfield code="h">2000, J&#xE4;n.</subfield>
    </datafield>
    <datafield ind1="-" ind2="2" tag="Z30">
      <subfield code="1">XAW1</subfield>
      <subfield code="2">MAG3</subfield>
      <subfield code="3">D848/2000,10</subfield>
      <subfield code="b">2000</subfield>
      <subfield code="c">10</subfield>
      <subfield code="h">2000, Okt.</subfield>
    </datafield>
    <datafield ind1="-" ind2="2" tag="Z30">
      <subfield code="1">XAW1</subfield>
      <subfield code="2">MAG3</subfield>
      <subfield code="3">D848/2000,11</subfield>
      <subfield code="b">2000</subfield>
      <subfield code="c">11</subfield>
      <subfield code="h">2000, Nov.</subfield>
    </datafield>
    <datafield ind1="-" ind2="2" tag="Z30">
      <subfield code="1">XAW1</subfield>
      <subfield code="2">MAG3</subfield>
      <subfield code="3">D848/2000,12</subfield>
      <subfield code="b">2000</subfield>
      <subfield code="c">12</subfield>
      <subfield code="h">2000, Dez</subfield>
    </datafield>
    <datafield ind1="-" ind2="2" tag="Z30">
      <subfield code="1">XAW1</subfield>
      <subfield code="2">MAG3</subfield>
      <subfield code="3">D848/2000,2</subfield>
      <subfield code="b">2000</subfield>
      <subfield code="c">2</subfield>
      <subfield code="h">2000, Feb.</subfield>
    </datafield>
    <datafield ind1="-" ind2="2" tag="Z30">
      <subfield code="1">XAW1</subfield>
      <subfield code="2">MAG3</subfield>
      <subfield code="3">D848/2000,3</subfield>
      <subfield code="b">2000</subfield>
      <subfield code="c">3</subfield>
      <subfield code="h">2000, M&#xE4;rz</subfield>
    </datafield>
    <datafield ind1="-" ind2="2" tag="Z30">
      <subfield code="1">XAW1</subfield>
      <subfield code="2">MAG3</subfield>
      <subfield code="3">D848/2000,4</subfield>
      <subfield code="b">2000</subfield>
      <subfield code="c">4</subfield>
      <subfield code="h">2000, April</subfield>
    </datafield>
    <datafield ind1="-" ind2="2" tag="Z30">
      <subfield code="1">XAW1</subfield>
      <subfield code="2">MAG3</subfield>
      <subfield code="3">D848/2000,5</subfield>
      <subfield code="b">2000</subfield>
      <subfield code="c">5</subfield>
      <subfield code="h">2000, Mai</subfield>
    </datafield>
    <datafield ind1="-" ind2="2" tag="Z30">
      <subfield code="1">XAW1</subfield>
      <subfield code="2">MAG3</subfield>
      <subfield code="3">D848/2000,6</subfield>
      <subfield code="b">2000</subfield>
      <subfield code="c">6</subfield>
      <subfield code="h">2000, Juni</subfield>
    </datafield>
    <datafield ind1="-" ind2="2" tag="Z30">
      <subfield code="1">XAW1</subfield>
      <subfield code="2">MAG3</subfield>
      <subfield code="3">D848/2000,7</subfield>
      <subfield code="b">2000</subfield>
      <subfield code="c">7</subfield>
      <subfield code="h">2000, Juli</subfield>
    </datafield>
    <datafield ind1="-" ind2="2" tag="Z30">
      <subfield code="1">XAW1</subfield>
      <subfield code="2">MAG3</subfield>
      <subfield code="3">D848/2000,8</subfield>
      <subfield code="b">2000</subfield>
      <subfield code="c">8</subfield>
      <subfield code="h">2000, Aug.</subfield>
    </datafield>
    <datafield ind1="-" ind2="2" tag="Z30">
      <subfield code="1">XAW1</subfield>
      <subfield code="2">MAG3</subfield>
      <subfield code="3">D848/2000,9</subfield>
      <subfield code="b">2000</subfield>
      <subfield code="c">9</subfield>
      <subfield code="h">2000, Sept.</subfield>
    </datafield>
    <datafield ind1="-" ind2="2" tag="Z30">
      <subfield code="1">XAW1</subfield>
      <subfield code="2">MAG3</subfield>
      <subfield code="3">D848/2001,1</subfield>
      <subfield code="b">2001</subfield>
      <subfield code="c">1</subfield>
      <subfield code="h">2001, J&#xE4;n.</subfield>
    </datafield>
    <datafield ind1="-" ind2="2" tag="Z30">
      <subfield code="1">XAW1</subfield>
      <subfield code="2">MAG3</subfield>
      <subfield code="3">D848/2001,10</subfield>
      <subfield code="b">2001</subfield>
      <subfield code="c">10</subfield>
      <subfield code="h">2001, Okt.</subfield>
    </datafield>
    <datafield ind1="-" ind2="2" tag="Z30">
      <subfield code="1">XAW1</subfield>
      <subfield code="2">MAG3</subfield>
      <subfield code="3">D848/2001,11</subfield>
      <subfield code="b">2001</subfield>
      <subfield code="c">11</subfield>
      <subfield code="h">2001, Nov.</subfield>
    </datafield>
    <datafield ind1="-" ind2="2" tag="Z30">
      <subfield code="1">XAW1</subfield>
      <subfield code="2">MAG3</subfield>
      <subfield code="3">D848/2001,12</subfield>
      <subfield code="b">2001</subfield>
      <subfield code="c">12</subfield>
      <subfield code="h">2001, Dez.</subfield>
    </datafield>
    <datafield ind1="-" ind2="2" tag="Z30">
      <subfield code="1">XAW1</subfield>
      <subfield code="2">MAG3</subfield>
      <subfield code="3">D848/2001,2</subfield>
      <subfield code="b">2001</subfield>
      <subfield code="c">2</subfield>
      <subfield code="h">2001, Feb.</subfield>
    </datafield>
    <datafield ind1="-" ind2="2" tag="Z30">
      <subfield code="1">XAW1</subfield>
      <subfield code="2">MAG3</subfield>
      <subfield code="3">D848/2001,3</subfield>
      <subfield code="b">2001</subfield>
      <subfield code="c">3</subfield>
      <subfield code="h">2001, M&#xE4;rz</subfield>
    </datafield>
    <datafield ind1="-" ind2="2" tag="Z30">
      <subfield code="1">XAW1</subfield>
      <subfield code="2">MAG3</subfield>
      <subfield code="3">D848/2001,4</subfield>
      <subfield code="b">2001</subfield>
      <subfield code="c">4</subfield>
      <subfield code="h">2001, Apr.</subfield>
    </datafield>
    <datafield ind1="-" ind2="2" tag="Z30">
      <subfield code="1">XAW1</subfield>
      <subfield code="2">MAG3</subfield>
      <subfield code="3">D848/2001,5</subfield>
      <subfield code="b">2001</subfield>
      <subfield code="c">5</subfield>
      <subfield code="h">2001, Mai</subfield>
    </datafield>
    <datafield ind1="-" ind2="2" tag="Z30">
      <subfield code="1">XAW1</subfield>
      <subfield code="2">MAG3</subfield>
      <subfield code="3">D848/2001,6</subfield>
      <subfield code="b">2001</subfield>
      <subfield code="c">6</subfield>
      <subfield code="h">2001, Juni</subfield>
    </datafield>
    <datafield ind1="-" ind2="2" tag="Z30">
      <subfield code="1">XAW1</subfield>
      <subfield code="2">MAG3</subfield>
      <subfield code="3">D848/2001,7</subfield>
      <subfield code="b">2001</subfield>
      <subfield code="c">7</subfield>
      <subfield code="h">2001, Juli</subfield>
    </datafield>
    <datafield ind1="-" ind2="2" tag="Z30">
      <subfield code="1">XAW1</subfield>
      <subfield code="2">MAG3</subfield>
      <subfield code="3">D848/2001,8</subfield>
      <subfield code="b">2001</subfield>
      <subfield code="c">8</subfield>
      <subfield code="h">2001, Aug.</subfield>
    </datafield>
    <datafield ind1="-" ind2="2" tag="Z30">
      <subfield code="1">XAW1</subfield>
      <subfield code="2">MAG3</subfield>
      <subfield code="3">D848/2001,9</subfield>
      <subfield code="b">2001</subfield>
      <subfield code="c">9</subfield>
      <subfield code="h">2001, Sept.</subfield>
    </datafield>
    <datafield ind1="-" ind2="2" tag="Z30">
      <subfield code="1">XAW1</subfield>
      <subfield code="2">MAG3</subfield>
      <subfield code="3">D848/2002,1</subfield>
      <subfield code="b">2002</subfield>
      <subfield code="c">1</subfield>
      <subfield code="h">2002, Jan.</subfield>
    </datafield>
    <datafield ind1="-" ind2="2" tag="Z30">
      <subfield code="1">XAW1</subfield>
      <subfield code="2">MAG3</subfield>
      <subfield code="3">D848/2002,10</subfield>
      <subfield code="b">2002</subfield>
      <subfield code="c">10</subfield>
      <subfield code="h">2002, Okt</subfield>
    </datafield>
    <datafield ind1="-" ind2="2" tag="Z30">
      <subfield code="1">XAW1</subfield>
      <subfield code="2">MAG3</subfield>
      <subfield code="3">D848/2002,11</subfield>
      <subfield code="b">2002</subfield>
      <subfield code="c">11</subfield>
      <subfield code="h">2002, Nov.</subfield>
    </datafield>
    <datafield ind1="-" ind2="2" tag="Z30">
      <subfield code="1">XAW1</subfield>
      <subfield code="2">MAG3</subfield>
      <subfield code="3">D848/2002,12</subfield>
      <subfield code="b">2002</subfield>
      <subfield code="c">12</subfield>
      <subfield code="h">2002, Dez.</subfield>
    </datafield>
    <datafield ind1="-" ind2="2" tag="Z30">
      <subfield code="1">XAW1</subfield>
      <subfield code="2">MAG3</subfield>
      <subfield code="3">D848/2002,2</subfield>
      <subfield code="b">2002</subfield>
      <subfield code="c">2</subfield>
      <subfield code="h">2002, Feb</subfield>
    </datafield>
    <datafield ind1="-" ind2="2" tag="Z30">
      <subfield code="1">XAW1</subfield>
      <subfield code="2">MAG3</subfield>
      <subfield code="3">D848/2002,3</subfield>
      <subfield code="b">2002</subfield>
      <subfield code="c">3</subfield>
      <subfield code="h">2002, M&#xE4;rz</subfield>
    </datafield>
    <datafield ind1="-" ind2="2" tag="Z30">
      <subfield code="1">XAW1</subfield>
      <subfield code="2">MAG3</subfield>
      <subfield code="3">D848/2002,4</subfield>
      <subfield code="b">2002</subfield>
      <subfield code="c">4</subfield>
      <subfield code="h">2002, Apr.</subfield>
    </datafield>
    <datafield ind1="-" ind2="2" tag="Z30">
      <subfield code="1">XAW1</subfield>
      <subfield code="2">MAG3</subfield>
      <subfield code="3">D848/2002,5</subfield>
      <subfield code="b">2002</subfield>
      <subfield code="c">5</subfield>
      <subfield code="h">2002, Mai</subfield>
    </datafield>
    <datafield ind1="-" ind2="2" tag="Z30">
      <subfield code="1">XAW1</subfield>
      <subfield code="2">MAG3</subfield>
      <subfield code="3">D848/2002,6</subfield>
      <subfield code="b">2002</subfield>
      <subfield code="c">6</subfield>
      <subfield code="h">2002, Juni</subfield>
    </datafield>
    <datafield ind1="-" ind2="2" tag="Z30">
      <subfield code="1">XAW1</subfield>
      <subfield code="2">MAG3</subfield>
      <subfield code="3">D848/2002,7</subfield>
      <subfield code="b">2002</subfield>
      <subfield code="c">7</subfield>
      <subfield code="h">2002, Juli</subfield>
    </datafield>
    <datafield ind1="-" ind2="2" tag="Z30">
      <subfield code="1">XAW1</subfield>
      <subfield code="2">MAG3</subfield>
      <subfield code="3">D848/2002,8</subfield>
      <subfield code="b">2002</subfield>
      <subfield code="c">8</subfield>
      <subfield code="h">2002, Aug.</subfield>
    </datafield>
    <datafield ind1="-" ind2="2" tag="Z30">
      <subfield code="1">XAW1</subfield>
      <subfield code="2">MAG3</subfield>
      <subfield code="3">D848/2002,9</subfield>
      <subfield code="b">2002</subfield>
      <subfield code="c">9</subfield>
      <subfield code="h">2002, Sept.</subfield>
    </datafield>
    <datafield ind1="-" ind2="2" tag="Z30">
      <subfield code="1">XAW1</subfield>
      <subfield code="2">MAG3</subfield>
      <subfield code="3">D848/2003,1</subfield>
      <subfield code="b">2003</subfield>
      <subfield code="c">1</subfield>
      <subfield code="h">2003, Jan.</subfield>
    </datafield>
    <datafield ind1="-" ind2="2" tag="Z30">
      <subfield code="1">XAW1</subfield>
      <subfield code="2">MAG3</subfield>
      <subfield code="3">D848/2003,10</subfield>
      <subfield code="b">2003</subfield>
      <subfield code="c">10</subfield>
      <subfield code="h">2003,Okt.</subfield>
    </datafield>
    <datafield ind1="-" ind2="2" tag="Z30">
      <subfield code="1">XAW1</subfield>
      <subfield code="2">MAG3</subfield>
      <subfield code="3">D848/2003,11</subfield>
      <subfield code="b">2003</subfield>
      <subfield code="c">11</subfield>
      <subfield code="h">2003,Nov.</subfield>
    </datafield>
    <datafield ind1="-" ind2="2" tag="Z30">
      <subfield code="1">XAW1</subfield>
      <subfield code="2">MAG3</subfield>
      <subfield code="3">D848/2003,12</subfield>
      <subfield code="b">2003</subfield>
      <subfield code="c">12</subfield>
      <subfield code="h">2003,Dez.</subfield>
    </datafield>
    <datafield ind1="-" ind2="2" tag="Z30">
      <subfield code="1">XAW1</subfield>
      <subfield code="2">MAG3</subfield>
      <subfield code="3">D848/2003,2</subfield>
      <subfield code="b">2003</subfield>
      <subfield code="c">2</subfield>
      <subfield code="h">2003,Feb.</subfield>
    </datafield>
    <datafield ind1="-" ind2="2" tag="Z30">
      <subfield code="1">XAW1</subfield>
      <subfield code="2">MAG3</subfield>
      <subfield code="3">D848/2003,3</subfield>
      <subfield code="b">2003</subfield>
      <subfield code="c">3</subfield>
      <subfield code="h">2003,M&#xE4;rz</subfield>
    </datafield>
    <datafield ind1="-" ind2="2" tag="Z30">
      <subfield code="1">XAW1</subfield>
      <subfield code="2">MAG3</subfield>
      <subfield code="3">D848/2003,4</subfield>
      <subfield code="b">2003</subfield>
      <subfield code="c">4</subfield>
      <subfield code="h">2003,Apr.</subfield>
    </datafield>
    <datafield ind1="-" ind2="2" tag="Z30">
      <subfield code="1">XAW1</subfield>
      <subfield code="2">MAG3</subfield>
      <subfield code="3">D848/2003,5</subfield>
      <subfield code="b">2003</subfield>
      <subfield code="c">5</subfield>
      <subfield code="h">2003,Mai</subfield>
    </datafield>
    <datafield ind1="-" ind2="2" tag="Z30">
      <subfield code="1">XAW1</subfield>
      <subfield code="2">MAG3</subfield>
      <subfield code="3">D848/2003,6</subfield>
      <subfield code="b">2003</subfield>
      <subfield code="c">6</subfield>
      <subfield code="h">2003,Juni</subfield>
    </datafield>
    <datafield ind1="-" ind2="2" tag="Z30">
      <subfield code="1">XAW1</subfield>
      <subfield code="2">MAG3</subfield>
      <subfield code="3">D848/2003,7</subfield>
      <subfield code="b">2003</subfield>
      <subfield code="c">7</subfield>
      <subfield code="h">2003,Juli</subfield>
    </datafield>
    <datafield ind1="-" ind2="2" tag="Z30">
      <subfield code="1">XAW1</subfield>
      <subfield code="2">MAG3</subfield>
      <subfield code="3">D848/2003,8</subfield>
      <subfield code="b">2003</subfield>
      <subfield code="c">8</subfield>
      <subfield code="h">2003,Aug.</subfield>
    </datafield>
    <datafield ind1="-" ind2="2" tag="Z30">
      <subfield code="1">XAW1</subfield>
      <subfield code="2">MAG3</subfield>
      <subfield code="3">D848/2003,9</subfield>
      <subfield code="b">2003</subfield>
      <subfield code="c">9</subfield>
      <subfield code="h">2003,Sept.</subfield>
    </datafield>
    <datafield ind1="-" ind2="2" tag="Z30">
      <subfield code="1">XAW1</subfield>
      <subfield code="2">MAG3</subfield>
      <subfield code="3">D848/2004,1</subfield>
      <subfield code="b">2004</subfield>
      <subfield code="c">1</subfield>
      <subfield code="h">2004, Jan.</subfield>
    </datafield>
    <datafield ind1="-" ind2="2" tag="Z30">
      <subfield code="1">XAW1</subfield>
      <subfield code="2">MAG3</subfield>
      <subfield code="3">D848/2004,10</subfield>
      <subfield code="b">2004</subfield>
      <subfield code="c">10</subfield>
      <subfield code="h">2004,Okt.</subfield>
    </datafield>
    <datafield ind1="-" ind2="2" tag="Z30">
      <subfield code="1">XAW1</subfield>
      <subfield code="2">MAG3</subfield>
      <subfield code="3">D848/2004,11</subfield>
      <subfield code="b">2004</subfield>
      <subfield code="c">11</subfield>
      <subfield code="h">2004,Nov.</subfield>
    </datafield>
    <datafield ind1="-" ind2="2" tag="Z30">
      <subfield code="1">XAW1</subfield>
      <subfield code="2">MAG3</subfield>
      <subfield code="3">D848/2004,12</subfield>
      <subfield code="b">2004</subfield>
      <subfield code="c">12</subfield>
      <subfield code="h">2004,Dez</subfield>
    </datafield>
    <datafield ind1="-" ind2="2" tag="Z30">
      <subfield code="1">XAW1</subfield>
      <subfield code="2">MAG3</subfield>
      <subfield code="3">D848/2004,2</subfield>
      <subfield code="b">2004</subfield>
      <subfield code="c">2</subfield>
      <subfield code="h">2004, Feb.</subfield>
    </datafield>
    <datafield ind1="-" ind2="2" tag="Z30">
      <subfield code="1">XAW1</subfield>
      <subfield code="2">MAG3</subfield>
      <subfield code="3">D848/2004,3</subfield>
      <subfield code="b">2004</subfield>
      <subfield code="c">3</subfield>
      <subfield code="h">2004, M&#xE4;rz</subfield>
    </datafield>
    <datafield ind1="-" ind2="2" tag="Z30">
      <subfield code="1">XAW1</subfield>
      <subfield code="2">MAG3</subfield>
      <subfield code="3">D848/2004,4</subfield>
      <subfield code="b">2004</subfield>
      <subfield code="c">4</subfield>
      <subfield code="h">2004, Apr.</subfield>
    </datafield>
    <datafield ind1="-" ind2="2" tag="Z30">
      <subfield code="1">XAW1</subfield>
      <subfield code="2">MAG3</subfield>
      <subfield code="3">D848/2004,5</subfield>
      <subfield code="b">2004</subfield>
      <subfield code="c">5</subfield>
      <subfield code="h">2004, Mai</subfield>
    </datafield>
    <datafield ind1="-" ind2="2" tag="Z30">
      <subfield code="1">XAW1</subfield>
      <subfield code="2">MAG3</subfield>
      <subfield code="3">D848/2004,6</subfield>
      <subfield code="b">2004</subfield>
      <subfield code="c">6</subfield>
      <subfield code="h">2004,Juni</subfield>
    </datafield>
    <datafield ind1="-" ind2="2" tag="Z30">
      <subfield code="1">XAW1</subfield>
      <subfield code="2">MAG3</subfield>
      <subfield code="3">D848/2004,7</subfield>
      <subfield code="b">2004</subfield>
      <subfield code="c">7</subfield>
      <subfield code="h">2004,Juli</subfield>
    </datafield>
    <datafield ind1="-" ind2="2" tag="Z30">
      <subfield code="1">XAW1</subfield>
      <subfield code="2">MAG3</subfield>
      <subfield code="3">D848/2004,8</subfield>
      <subfield code="b">2004</subfield>
      <subfield code="c">8</subfield>
      <subfield code="h">2004,Aug.</subfield>
    </datafield>
    <datafield ind1="-" ind2="2" tag="Z30">
      <subfield code="1">XAW1</subfield>
      <subfield code="2">MAG3</subfield>
      <subfield code="3">D848/2004,9</subfield>
      <subfield code="b">2004</subfield>
      <subfield code="c">9</subfield>
      <subfield code="h">2004,Sept.</subfield>
    </datafield>
    <datafield ind1="-" ind2="2" tag="Z30">
      <subfield code="1">XAW1</subfield>
      <subfield code="2">MAG3</subfield>
      <subfield code="3">D848/2005,1</subfield>
      <subfield code="b">2005</subfield>
      <subfield code="c">1</subfield>
      <subfield code="h">2005,Jan.</subfield>
    </datafield>
    <datafield ind1="-" ind2="2" tag="Z30">
      <subfield code="1">XAW1</subfield>
      <subfield code="2">MAG3</subfield>
      <subfield code="3">D848/2005,10</subfield>
      <subfield code="b">2005</subfield>
      <subfield code="c">10</subfield>
      <subfield code="h">2005,Okt.</subfield>
      <subfield code="i">20050819</subfield>
    </datafield>
    <datafield ind1="-" ind2="2" tag="Z30">
      <subfield code="1">XAW1</subfield>
      <subfield code="2">MAG3</subfield>
      <subfield code="3">D848/2005,11</subfield>
      <subfield code="b">2005</subfield>
      <subfield code="c">11</subfield>
      <subfield code="h">2005,Nov.</subfield>
      <subfield code="i">20050819</subfield>
    </datafield>
    <datafield ind1="-" ind2="2" tag="Z30">
      <subfield code="1">XAW1</subfield>
      <subfield code="2">MAG3</subfield>
      <subfield code="3">D848/2005,12</subfield>
      <subfield code="b">2005</subfield>
      <subfield code="c">12</subfield>
      <subfield code="h">2005,Dez.</subfield>
      <subfield code="i">20050819</subfield>
    </datafield>
    <datafield ind1="-" ind2="2" tag="Z30">
      <subfield code="1">XAW1</subfield>
      <subfield code="2">MAG3</subfield>
      <subfield code="3">D848/2005,2</subfield>
      <subfield code="b">2005</subfield>
      <subfield code="c">2</subfield>
      <subfield code="h">2005,Febr.</subfield>
    </datafield>
    <datafield ind1="-" ind2="2" tag="Z30">
      <subfield code="1">XAW1</subfield>
      <subfield code="2">MAG3</subfield>
      <subfield code="3">D848/2005,3</subfield>
      <subfield code="b">2005</subfield>
      <subfield code="c">3</subfield>
      <subfield code="h">2005,M&#xE4;rz</subfield>
    </datafield>
    <datafield ind1="-" ind2="2" tag="Z30">
      <subfield code="1">XAW1</subfield>
      <subfield code="2">MAG3</subfield>
      <subfield code="3">D848/2005,4</subfield>
      <subfield code="b">2005</subfield>
      <subfield code="c">4</subfield>
      <subfield code="h">2005,Apr.</subfield>
      <subfield code="i">20051207</subfield>
    </datafield>
    <datafield ind1="-" ind2="2" tag="Z30">
      <subfield code="1">XAW1</subfield>
      <subfield code="2">MAG3</subfield>
      <subfield code="3">D848/2005,5</subfield>
      <subfield code="b">2005</subfield>
      <subfield code="c">5</subfield>
      <subfield code="h">2005,Mai</subfield>
      <subfield code="i">20050819</subfield>
    </datafield>
    <datafield ind1="-" ind2="2" tag="Z30">
      <subfield code="1">XAW1</subfield>
      <subfield code="2">MAG3</subfield>
      <subfield code="3">D848/2005,6</subfield>
      <subfield code="b">2005</subfield>
      <subfield code="c">6</subfield>
      <subfield code="h">2005,Juni</subfield>
      <subfield code="i">20050819</subfield>
    </datafield>
    <datafield ind1="-" ind2="2" tag="Z30">
      <subfield code="1">XAW1</subfield>
      <subfield code="2">MAG3</subfield>
      <subfield code="3">D848/2005,7</subfield>
      <subfield code="b">2005</subfield>
      <subfield code="c">7</subfield>
      <subfield code="h">2005,Juli</subfield>
      <subfield code="i">20050819</subfield>
    </datafield>
    <datafield ind1="-" ind2="2" tag="Z30">
      <subfield code="1">XAW1</subfield>
      <subfield code="2">MAG3</subfield>
      <subfield code="3">D848/2005,8</subfield>
      <subfield code="b">2005</subfield>
      <subfield code="c">8</subfield>
      <subfield code="h">2005,Aug.</subfield>
      <subfield code="i">20050819</subfield>
    </datafield>
    <datafield ind1="-" ind2="2" tag="Z30">
      <subfield code="1">XAW1</subfield>
      <subfield code="2">MAG3</subfield>
      <subfield code="3">D848/2005,9</subfield>
      <subfield code="b">2005</subfield>
      <subfield code="c">9</subfield>
      <subfield code="h">2005,Sept.</subfield>
      <subfield code="i">20050819</subfield>
    </datafield>
    <datafield ind1="-" ind2="2" tag="Z30">
      <subfield code="1">XAW1</subfield>
      <subfield code="2">MAG3</subfield>
      <subfield code="3">D848/2006,1</subfield>
      <subfield code="b">2006</subfield>
      <subfield code="c">1</subfield>
      <subfield code="h">2006,Jan.</subfield>
      <subfield code="i">20050819</subfield>
    </datafield>
    <datafield ind1="-" ind2="2" tag="Z30">
      <subfield code="1">XAW1</subfield>
      <subfield code="2">MAG3</subfield>
      <subfield code="3">D848/2006,10</subfield>
      <subfield code="b">2006</subfield>
      <subfield code="c">10</subfield>
      <subfield code="h">2006,Okt.</subfield>
    </datafield>
    <datafield ind1="-" ind2="2" tag="Z30">
      <subfield code="1">XAW1</subfield>
      <subfield code="2">MAG3</subfield>
      <subfield code="3">D848/2006,11</subfield>
      <subfield code="b">2006</subfield>
      <subfield code="c">11</subfield>
      <subfield code="h">2006,Nov.</subfield>
      <subfield code="i">20070208</subfield>
    </datafield>
    <datafield ind1="-" ind2="2" tag="Z30">
      <subfield code="1">XAW1</subfield>
      <subfield code="2">MAG3</subfield>
      <subfield code="3">D848/2006,12</subfield>
      <subfield code="b">2006</subfield>
      <subfield code="c">12</subfield>
      <subfield code="h">2006,Dez.</subfield>
    </datafield>
    <datafield ind1="-" ind2="2" tag="Z30">
      <subfield code="1">XAW1</subfield>
      <subfield code="2">MAG3</subfield>
      <subfield code="3">D848/2006,2</subfield>
      <subfield code="b">2006</subfield>
      <subfield code="c">2</subfield>
      <subfield code="h">2006,Feb.</subfield>
      <subfield code="i">20050819</subfield>
    </datafield>
    <datafield ind1="-" ind2="2" tag="Z30">
      <subfield code="1">XAW1</subfield>
      <subfield code="2">MAG3</subfield>
      <subfield code="3">D848/2006,3</subfield>
      <subfield code="b">2006</subfield>
      <subfield code="c">3</subfield>
      <subfield code="h">2006,M&#xE4;rz</subfield>
      <subfield code="i">20050819</subfield>
    </datafield>
    <datafield ind1="-" ind2="2" tag="Z30">
      <subfield code="1">XAW1</subfield>
      <subfield code="2">MAG3</subfield>
      <subfield code="3">D848/2006,4</subfield>
      <subfield code="b">2006</subfield>
      <subfield code="c">4</subfield>
      <subfield code="h">2006,Apr.</subfield>
    </datafield>
    <datafield ind1="-" ind2="2" tag="Z30">
      <subfield code="1">XAW1</subfield>
      <subfield code="2">MAG3</subfield>
      <subfield code="3">D848/2006,5</subfield>
      <subfield code="b">2006</subfield>
      <subfield code="c">5</subfield>
      <subfield code="h">2006,Mai</subfield>
    </datafield>
    <datafield ind1="-" ind2="2" tag="Z30">
      <subfield code="1">XAW1</subfield>
      <subfield code="2">MAG3</subfield>
      <subfield code="3">D848/2006,6</subfield>
      <subfield code="b">2006</subfield>
      <subfield code="c">6</subfield>
      <subfield code="h">2006,Juni</subfield>
    </datafield>
    <datafield ind1="-" ind2="2" tag="Z30">
      <subfield code="1">XAW1</subfield>
      <subfield code="2">MAG3</subfield>
      <subfield code="3">D848/2006,7</subfield>
      <subfield code="b">2006</subfield>
      <subfield code="c">7</subfield>
      <subfield code="h">2006,Juli</subfield>
    </datafield>
    <datafield ind1="-" ind2="2" tag="Z30">
      <subfield code="1">XAW1</subfield>
      <subfield code="2">MAG3</subfield>
      <subfield code="3">D848/2006,8</subfield>
      <subfield code="b">2006</subfield>
      <subfield code="c">8</subfield>
      <subfield code="h">2006,Aug.</subfield>
    </datafield>
    <datafield ind1="-" ind2="2" tag="Z30">
      <subfield code="1">XAW1</subfield>
      <subfield code="2">MAG3</subfield>
      <subfield code="3">D848/2006,9</subfield>
      <subfield code="b">2006</subfield>
      <subfield code="c">9</subfield>
      <subfield code="h">2006,Sept.</subfield>
    </datafield>
    <datafield ind1="-" ind2="2" tag="Z30">
      <subfield code="1">XAW1</subfield>
      <subfield code="2">MAG3</subfield>
      <subfield code="3">D848/2007,1</subfield>
      <subfield code="b">2007</subfield>
      <subfield code="c">1</subfield>
      <subfield code="h">2007,Jan.</subfield>
    </datafield>
    <datafield ind1="-" ind2="2" tag="Z30">
      <subfield code="1">XAW1</subfield>
      <subfield code="2">MAG3</subfield>
      <subfield code="3">D848/2007,10</subfield>
      <subfield code="b">2007</subfield>
      <subfield code="c">10</subfield>
      <subfield code="h">2007,Okt.</subfield>
    </datafield>
    <datafield ind1="-" ind2="2" tag="Z30">
      <subfield code="1">XAW1</subfield>
      <subfield code="2">MAG3</subfield>
      <subfield code="3">D848/2007,11</subfield>
      <subfield code="b">2007</subfield>
      <subfield code="c">11</subfield>
      <subfield code="h">2007,Nov.</subfield>
    </datafield>
    <datafield ind1="-" ind2="2" tag="Z30">
      <subfield code="1">XAW1</subfield>
      <subfield code="2">MAG3</subfield>
      <subfield code="3">D848/2007,12</subfield>
      <subfield code="b">2007</subfield>
      <subfield code="c">12</subfield>
      <subfield code="h">2007,Dez.</subfield>
    </datafield>
    <datafield ind1="-" ind2="2" tag="Z30">
      <subfield code="1">XAW1</subfield>
      <subfield code="2">MAG3</subfield>
      <subfield code="3">D848/2007,2</subfield>
      <subfield code="b">2007</subfield>
      <subfield code="c">2</subfield>
      <subfield code="h">2007,Feb.</subfield>
    </datafield>
    <datafield ind1="-" ind2="2" tag="Z30">
      <subfield code="1">XAW1</subfield>
      <subfield code="2">MAG3</subfield>
      <subfield code="3">D848/2007,3</subfield>
      <subfield code="b">2007</subfield>
      <subfield code="c">3</subfield>
      <subfield code="h">2007,M&#xE4;rz</subfield>
    </datafield>
    <datafield ind1="-" ind2="2" tag="Z30">
      <subfield code="1">XAW1</subfield>
      <subfield code="2">MAG3</subfield>
      <subfield code="3">D848/2007,4</subfield>
      <subfield code="b">2007</subfield>
      <subfield code="c">4</subfield>
      <subfield code="h">2007,Apr.</subfield>
    </datafield>
    <datafield ind1="-" ind2="2" tag="Z30">
      <subfield code="1">XAW1</subfield>
      <subfield code="2">MAG3</subfield>
      <subfield code="3">D848/2007,5</subfield>
      <subfield code="b">2007</subfield>
      <subfield code="c">5</subfield>
      <subfield code="h">2007,Mai</subfield>
    </datafield>
    <datafield ind1="-" ind2="2" tag="Z30">
      <subfield code="1">XAW1</subfield>
      <subfield code="2">MAG3</subfield>
      <subfield code="3">D848/2007,6</subfield>
      <subfield code="b">2007</subfield>
      <subfield code="c">6</subfield>
      <subfield code="h">2007,Juni</subfield>
    </datafield>
    <datafield ind1="-" ind2="2" tag="Z30">
      <subfield code="1">XAW1</subfield>
      <subfield code="2">MAG3</subfield>
      <subfield code="3">D848/2007,7</subfield>
      <subfield code="b">2007</subfield>
      <subfield code="c">7</subfield>
      <subfield code="h">2007,Juli</subfield>
    </datafield>
    <datafield ind1="-" ind2="2" tag="Z30">
      <subfield code="1">XAW1</subfield>
      <subfield code="2">MAG3</subfield>
      <subfield code="3">D848/2007,8</subfield>
      <subfield code="b">2007</subfield>
      <subfield code="c">8</subfield>
      <subfield code="h">2007,Aug.</subfield>
    </datafield>
    <datafield ind1="-" ind2="2" tag="Z30">
      <subfield code="1">XAW1</subfield>
      <subfield code="2">MAG3</subfield>
      <subfield code="3">D848/2007,9</subfield>
      <subfield code="b">2007</subfield>
      <subfield code="c">9</subfield>
      <subfield code="h">2007,Sept.</subfield>
    </datafield>
    <datafield ind1="-" ind2="2" tag="Z30">
      <subfield code="1">XAW1</subfield>
      <subfield code="2">MAG3</subfield>
      <subfield code="3">D848/2008,1</subfield>
      <subfield code="b">2008</subfield>
      <subfield code="c">1</subfield>
      <subfield code="h">2008, Jan.</subfield>
    </datafield>
    <datafield ind1="-" ind2="2" tag="Z30">
      <subfield code="1">XAW1</subfield>
      <subfield code="2">MAG3</subfield>
      <subfield code="3">D848/2008,10</subfield>
      <subfield code="b">2008</subfield>
      <subfield code="c">10</subfield>
      <subfield code="h">2008,Okt.</subfield>
    </datafield>
    <datafield ind1="-" ind2="2" tag="Z30">
      <subfield code="1">XAW1</subfield>
      <subfield code="2">MAG3</subfield>
      <subfield code="3">D848/2008,11</subfield>
      <subfield code="b">2008</subfield>
      <subfield code="c">11</subfield>
      <subfield code="h">2008,Nov.</subfield>
    </datafield>
    <datafield ind1="-" ind2="2" tag="Z30">
      <subfield code="1">XAW1</subfield>
      <subfield code="2">MAG3</subfield>
      <subfield code="3">D848/2008,12</subfield>
      <subfield code="b">2008</subfield>
      <subfield code="c">12</subfield>
      <subfield code="h">2008,Dez.</subfield>
    </datafield>
    <datafield ind1="-" ind2="2" tag="Z30">
      <subfield code="1">XAW1</subfield>
      <subfield code="2">MAG3</subfield>
      <subfield code="3">D848/2008,2</subfield>
      <subfield code="b">2008</subfield>
      <subfield code="c">2</subfield>
      <subfield code="h">2008, Feb.</subfield>
    </datafield>
    <datafield ind1="-" ind2="2" tag="Z30">
      <subfield code="1">XAW1</subfield>
      <subfield code="2">MAG3</subfield>
      <subfield code="3">D848/2008,3</subfield>
      <subfield code="b">2008</subfield>
      <subfield code="c">3</subfield>
      <subfield code="h">2008, M&#xE4;rz</subfield>
    </datafield>
    <datafield ind1="-" ind2="2" tag="Z30">
      <subfield code="1">XAW1</subfield>
      <subfield code="2">MAG3</subfield>
      <subfield code="3">D848/2008,4</subfield>
      <subfield code="b">2008</subfield>
      <subfield code="c">4</subfield>
      <subfield code="h">2008, Apr.</subfield>
    </datafield>
    <datafield ind1="-" ind2="2" tag="Z30">
      <subfield code="1">XAW1</subfield>
      <subfield code="2">MAG3</subfield>
      <subfield code="3">D848/2008,5</subfield>
      <subfield code="b">2008</subfield>
      <subfield code="c">5</subfield>
      <subfield code="h">2008, Mai</subfield>
    </datafield>
    <datafield ind1="-" ind2="2" tag="Z30">
      <subfield code="1">XAW1</subfield>
      <subfield code="2">MAG3</subfield>
      <subfield code="3">D848/2008,6</subfield>
      <subfield code="b">2008</subfield>
      <subfield code="c">6</subfield>
      <subfield code="h">2008,Juni</subfield>
    </datafield>
    <datafield ind1="-" ind2="2" tag="Z30">
      <subfield code="1">XAW1</subfield>
      <subfield code="2">MAG3</subfield>
      <subfield code="3">D848/2008,7</subfield>
      <subfield code="b">2008</subfield>
      <subfield code="c">7</subfield>
      <subfield code="h">2008,Juli</subfield>
    </datafield>
    <datafield ind1="-" ind2="2" tag="Z30">
      <subfield code="1">XAW1</subfield>
      <subfield code="2">MAG3</subfield>
      <subfield code="3">D848/2008,8</subfield>
      <subfield code="b">2008</subfield>
      <subfield code="c">8</subfield>
      <subfield code="h">2008,Aug.</subfield>
    </datafield>
    <datafield ind1="-" ind2="2" tag="Z30">
      <subfield code="1">XAW1</subfield>
      <subfield code="2">MAG3</subfield>
      <subfield code="3">D848/2008,9</subfield>
      <subfield code="b">2008</subfield>
      <subfield code="c">9</subfield>
      <subfield code="h">2008,Sept.</subfield>
    </datafield>
    <datafield ind1="-" ind2="2" tag="Z30">
      <subfield code="1">XAW1</subfield>
      <subfield code="2">MAG3</subfield>
      <subfield code="3">D848/2009,1</subfield>
      <subfield code="b">2009</subfield>
      <subfield code="c">1</subfield>
      <subfield code="h">2009, Jan.</subfield>
    </datafield>
    <datafield ind1="-" ind2="2" tag="Z30">
      <subfield code="1">XAW1</subfield>
      <subfield code="2">MAG3</subfield>
      <subfield code="3">D848/2009,10</subfield>
      <subfield code="b">2009</subfield>
      <subfield code="c">10</subfield>
      <subfield code="h">2009, Okt.</subfield>
    </datafield>
    <datafield ind1="-" ind2="2" tag="Z30">
      <subfield code="1">XAW1</subfield>
      <subfield code="2">MAG3</subfield>
      <subfield code="3">D848/2009,11</subfield>
      <subfield code="b">2009</subfield>
      <subfield code="c">11</subfield>
      <subfield code="h">2009, Nov.</subfield>
    </datafield>
    <datafield ind1="-" ind2="2" tag="Z30">
      <subfield code="1">XAW1</subfield>
      <subfield code="2">MAG3</subfield>
      <subfield code="3">D848/2009,12</subfield>
      <subfield code="b">2009</subfield>
      <subfield code="c">12</subfield>
      <subfield code="h">2009, Dez.</subfield>
    </datafield>
    <datafield ind1="-" ind2="2" tag="Z30">
      <subfield code="1">XAW1</subfield>
      <subfield code="2">MAG3</subfield>
      <subfield code="3">D848/2009,2</subfield>
      <subfield code="b">2009</subfield>
      <subfield code="c">2</subfield>
      <subfield code="h">2009, Feb.</subfield>
    </datafield>
    <datafield ind1="-" ind2="2" tag="Z30">
      <subfield code="1">XAW1</subfield>
      <subfield code="2">MAG3</subfield>
      <subfield code="3">D848/2009,3</subfield>
      <subfield code="b">2009</subfield>
      <subfield code="c">3</subfield>
      <subfield code="h">2009, M&#xE4;rz</subfield>
    </datafield>
    <datafield ind1="-" ind2="2" tag="Z30">
      <subfield code="1">XAW1</subfield>
      <subfield code="2">MAG3</subfield>
      <subfield code="3">D848/2009,4</subfield>
      <subfield code="b">2009</subfield>
      <subfield code="c">4</subfield>
      <subfield code="h">2009, Apr.</subfield>
    </datafield>
    <datafield ind1="-" ind2="2" tag="Z30">
      <subfield code="1">XAW1</subfield>
      <subfield code="2">MAG3</subfield>
      <subfield code="3">D848/2009,5</subfield>
      <subfield code="b">2009</subfield>
      <subfield code="c">5</subfield>
      <subfield code="h">2009, Mai</subfield>
    </datafield>
    <datafield ind1="-" ind2="2" tag="Z30">
      <subfield code="1">XAW1</subfield>
      <subfield code="2">MAG3</subfield>
      <subfield code="3">D848/2009,6</subfield>
      <subfield code="b">2009</subfield>
      <subfield code="c">6</subfield>
      <subfield code="h">2009, Juni</subfield>
    </datafield>
    <datafield ind1="-" ind2="2" tag="Z30">
      <subfield code="1">XAW1</subfield>
      <subfield code="2">MAG3</subfield>
      <subfield code="3">D848/2009,7</subfield>
      <subfield code="b">2009</subfield>
      <subfield code="c">7</subfield>
      <subfield code="h">2009, Juli</subfield>
    </datafield>
    <datafield ind1="-" ind2="2" tag="Z30">
      <subfield code="1">XAW1</subfield>
      <subfield code="2">MAG3</subfield>
      <subfield code="3">D848/2009,8</subfield>
      <subfield code="b">2009</subfield>
      <subfield code="c">8</subfield>
      <subfield code="h">2009, Aug.</subfield>
    </datafield>
    <datafield ind1="-" ind2="2" tag="Z30">
      <subfield code="1">XAW1</subfield>
      <subfield code="2">MAG3</subfield>
      <subfield code="3">D848/2009,9</subfield>
      <subfield code="b">2009</subfield>
      <subfield code="c">9</subfield>
      <subfield code="h">2009, Sept.</subfield>
    </datafield>
    <datafield ind1="-" ind2="2" tag="Z30">
      <subfield code="1">XAW1</subfield>
      <subfield code="2">MAG3</subfield>
      <subfield code="3">D848/2010,1</subfield>
      <subfield code="b">2010</subfield>
      <subfield code="c">1</subfield>
      <subfield code="h">2010, Jan.</subfield>
    </datafield>
    <datafield ind1="-" ind2="2" tag="Z30">
      <subfield code="1">XAW1</subfield>
      <subfield code="2">MAG3</subfield>
      <subfield code="3">D848/2010,10</subfield>
      <subfield code="b">2010</subfield>
      <subfield code="c">10</subfield>
      <subfield code="h">2010, Okt.</subfield>
    </datafield>
    <datafield ind1="-" ind2="2" tag="Z30">
      <subfield code="1">XAW1</subfield>
      <subfield code="2">MAG3</subfield>
      <subfield code="3">D848/2010,11</subfield>
      <subfield code="b">2010</subfield>
      <subfield code="c">11</subfield>
      <subfield code="h">2010, Nov.</subfield>
    </datafield>
    <datafield ind1="-" ind2="2" tag="Z30">
      <subfield code="1">XAW1</subfield>
      <subfield code="2">MAG3</subfield>
      <subfield code="3">D848/2010,12</subfield>
      <subfield code="b">2010</subfield>
      <subfield code="c">12</subfield>
      <subfield code="h">2010, Dez.</subfield>
    </datafield>
    <datafield ind1="-" ind2="2" tag="Z30">
      <subfield code="1">XAW1</subfield>
      <subfield code="2">MAG3</subfield>
      <subfield code="3">D848/2010,2</subfield>
      <subfield code="b">2010</subfield>
      <subfield code="c">2</subfield>
      <subfield code="h">2010, Febr.</subfield>
    </datafield>
    <datafield ind1="-" ind2="2" tag="Z30">
      <subfield code="1">XAW1</subfield>
      <subfield code="2">MAG3</subfield>
      <subfield code="3">D848/2010,3</subfield>
      <subfield code="b">2010</subfield>
      <subfield code="c">3</subfield>
      <subfield code="h">2010, M&#xE4;rz</subfield>
    </datafield>
    <datafield ind1="-" ind2="2" tag="Z30">
      <subfield code="1">XAW1</subfield>
      <subfield code="2">MAG3</subfield>
      <subfield code="3">D848/2010,4</subfield>
      <subfield code="b">2010</subfield>
      <subfield code="c">4</subfield>
      <subfield code="h">2010, Apr.</subfield>
    </datafield>
    <datafield ind1="-" ind2="2" tag="Z30">
      <subfield code="1">XAW1</subfield>
      <subfield code="2">MAG3</subfield>
      <subfield code="3">D848/2010,5</subfield>
      <subfield code="b">2010</subfield>
      <subfield code="c">5</subfield>
      <subfield code="h">2010, Mai</subfield>
    </datafield>
    <datafield ind1="-" ind2="2" tag="Z30">
      <subfield code="1">XAW1</subfield>
      <subfield code="2">MAG3</subfield>
      <subfield code="3">D848/2010,6</subfield>
      <subfield code="b">2010</subfield>
      <subfield code="c">6</subfield>
      <subfield code="h">2010, Juni</subfield>
    </datafield>
    <datafield ind1="-" ind2="2" tag="Z30">
      <subfield code="1">XAW1</subfield>
      <subfield code="2">MAG3</subfield>
      <subfield code="3">D848/2010,7</subfield>
      <subfield code="b">2010</subfield>
      <subfield code="c">7</subfield>
      <subfield code="h">2010, Juli</subfield>
    </datafield>
    <datafield ind1="-" ind2="2" tag="Z30">
      <subfield code="1">XAW1</subfield>
      <subfield code="2">MAG3</subfield>
      <subfield code="3">D848/2010,8</subfield>
      <subfield code="b">2010</subfield>
      <subfield code="c">8</subfield>
      <subfield code="h">2010, Aug.</subfield>
    </datafield>
    <datafield ind1="-" ind2="2" tag="Z30">
      <subfield code="1">XAW1</subfield>
      <subfield code="2">MAG3</subfield>
      <subfield code="3">D848/2010,9</subfield>
      <subfield code="b">2010</subfield>
      <subfield code="c">9</subfield>
      <subfield code="h">2010, Sept.</subfield>
    </datafield>
    <datafield ind1="-" ind2="2" tag="Z30">
      <subfield code="1">XAW1</subfield>
      <subfield code="2">MAG3</subfield>
      <subfield code="3">D848/2011,1</subfield>
      <subfield code="b">2011</subfield>
      <subfield code="c">1</subfield>
      <subfield code="h">2011, Jan.</subfield>
    </datafield>
    <datafield ind1="-" ind2="2" tag="Z30">
      <subfield code="1">XAW1</subfield>
      <subfield code="2">MAG3</subfield>
      <subfield code="3">D848/2011,10</subfield>
      <subfield code="b">2011</subfield>
      <subfield code="c">10</subfield>
      <subfield code="h">2011, Okt.</subfield>
    </datafield>
    <datafield ind1="-" ind2="2" tag="Z30">
      <subfield code="1">XAW1</subfield>
      <subfield code="2">MAG3</subfield>
      <subfield code="3">D848/2011,11</subfield>
      <subfield code="b">2011</subfield>
      <subfield code="c">11</subfield>
      <subfield code="h">2011, Nov.</subfield>
    </datafield>
    <datafield ind1="-" ind2="2" tag="Z30">
      <subfield code="1">XAW1</subfield>
      <subfield code="2">MAG3</subfield>
      <subfield code="3">D848/2011,12</subfield>
      <subfield code="b">2011</subfield>
      <subfield code="c">12</subfield>
      <subfield code="h">2011, Dez.</subfield>
    </datafield>
    <datafield ind1="-" ind2="2" tag="Z30">
      <subfield code="1">XAW1</subfield>
      <subfield code="2">MAG3</subfield>
      <subfield code="3">D848/2011,2</subfield>
      <subfield code="b">2011</subfield>
      <subfield code="c">2</subfield>
      <subfield code="h">2011, Febr.</subfield>
    </datafield>
    <datafield ind1="-" ind2="2" tag="Z30">
      <subfield code="1">XAW1</subfield>
      <subfield code="2">MAG3</subfield>
      <subfield code="3">D848/2011,3</subfield>
      <subfield code="b">2011</subfield>
      <subfield code="c">3</subfield>
      <subfield code="h">2011, M&#xE4;rz</subfield>
    </datafield>
    <datafield ind1="-" ind2="2" tag="Z30">
      <subfield code="1">XAW1</subfield>
      <subfield code="2">MAG3</subfield>
      <subfield code="3">D848/2011,4</subfield>
      <subfield code="b">2011</subfield>
      <subfield code="c">4</subfield>
      <subfield code="h">2011, Apr.</subfield>
    </datafield>
    <datafield ind1="-" ind2="2" tag="Z30">
      <subfield code="1">XAW1</subfield>
      <subfield code="2">MAG3</subfield>
      <subfield code="3">D848/2011,5</subfield>
      <subfield code="b">2011</subfield>
      <subfield code="c">5</subfield>
      <subfield code="h">2011, Mai</subfield>
    </datafield>
    <datafield ind1="-" ind2="2" tag="Z30">
      <subfield code="1">XAW1</subfield>
      <subfield code="2">MAG3</subfield>
      <subfield code="3">D848/2011,6</subfield>
      <subfield code="b">2011</subfield>
      <subfield code="c">6</subfield>
      <subfield code="h">2011, Juni</subfield>
    </datafield>
    <datafield ind1="-" ind2="2" tag="Z30">
      <subfield code="1">XAW1</subfield>
      <subfield code="2">MAG3</subfield>
      <subfield code="3">D848/2011,7</subfield>
      <subfield code="b">2011</subfield>
      <subfield code="c">7</subfield>
      <subfield code="h">2011, Juli</subfield>
    </datafield>
    <datafield ind1="-" ind2="2" tag="Z30">
      <subfield code="1">XAW1</subfield>
      <subfield code="2">MAG3</subfield>
      <subfield code="3">D848/2011,8</subfield>
      <subfield code="b">2011</subfield>
      <subfield code="c">8</subfield>
      <subfield code="h">2011, Aug.</subfield>
    </datafield>
    <datafield ind1="-" ind2="2" tag="Z30">
      <subfield code="1">XAW1</subfield>
      <subfield code="2">MAG3</subfield>
      <subfield code="3">D848/2011,9</subfield>
      <subfield code="b">2011</subfield>
      <subfield code="c">9</subfield>
      <subfield code="h">2011, Sept.</subfield>
    </datafield>
    <datafield ind1="-" ind2="2" tag="Z30">
      <subfield code="1">XAW1</subfield>
      <subfield code="2">MAG3</subfield>
      <subfield code="3">D848/2012,1</subfield>
      <subfield code="b">2012</subfield>
      <subfield code="c">1</subfield>
      <subfield code="h">2012, J&#xE4;n.</subfield>
    </datafield>
    <datafield ind1="-" ind2="2" tag="Z30">
      <subfield code="1">XAW1</subfield>
      <subfield code="2">MAG3</subfield>
      <subfield code="3">D848/2012,10</subfield>
      <subfield code="b">2012</subfield>
      <subfield code="c">10</subfield>
      <subfield code="h">2012,Okt.</subfield>
    </datafield>
    <datafield ind1="-" ind2="2" tag="Z30">
      <subfield code="1">XAW1</subfield>
      <subfield code="2">MAG3</subfield>
      <subfield code="3">D848/2012,11</subfield>
      <subfield code="b">2012</subfield>
      <subfield code="c">11</subfield>
      <subfield code="h">2012,Nov.</subfield>
    </datafield>
    <datafield ind1="-" ind2="2" tag="Z30">
      <subfield code="1">XAW1</subfield>
      <subfield code="2">MAG3</subfield>
      <subfield code="3">D848/2012,12</subfield>
      <subfield code="b">2012</subfield>
      <subfield code="c">12</subfield>
      <subfield code="h">2012,Dez.</subfield>
    </datafield>
    <datafield ind1="-" ind2="2" tag="Z30">
      <subfield code="1">XAW1</subfield>
      <subfield code="2">MAG3</subfield>
      <subfield code="3">D848/2012,2</subfield>
      <subfield code="b">2012</subfield>
      <subfield code="c">2</subfield>
      <subfield code="h">2012, Feb.</subfield>
    </datafield>
    <datafield ind1="-" ind2="2" tag="Z30">
      <subfield code="1">XAW1</subfield>
      <subfield code="2">MAG3</subfield>
      <subfield code="3">D848/2012,3</subfield>
      <subfield code="b">2012</subfield>
      <subfield code="c">3</subfield>
      <subfield code="h">2012, M&#xE4;rz</subfield>
    </datafield>
    <datafield ind1="-" ind2="2" tag="Z30">
      <subfield code="1">XAW1</subfield>
      <subfield code="2">MAG3</subfield>
      <subfield code="3">D848/2012,4</subfield>
      <subfield code="b">2012</subfield>
      <subfield code="c">4</subfield>
      <subfield code="h">2012, April</subfield>
    </datafield>
    <datafield ind1="-" ind2="2" tag="Z30">
      <subfield code="1">XAW1</subfield>
      <subfield code="2">MAG3</subfield>
      <subfield code="3">D848/2012,5</subfield>
      <subfield code="b">2012</subfield>
      <subfield code="c">5</subfield>
      <subfield code="h">2012, Mai</subfield>
    </datafield>
    <datafield ind1="-" ind2="2" tag="Z30">
      <subfield code="1">XAW1</subfield>
      <subfield code="2">MAG3</subfield>
      <subfield code="3">D848/2012,6</subfield>
      <subfield code="b">2012</subfield>
      <subfield code="c">6</subfield>
      <subfield code="h">2012, Juni</subfield>
    </datafield>
    <datafield ind1="-" ind2="2" tag="Z30">
      <subfield code="1">XAW1</subfield>
      <subfield code="2">MAG3</subfield>
      <subfield code="3">D848/2012,7</subfield>
      <subfield code="b">2012</subfield>
      <subfield code="c">7</subfield>
      <subfield code="h">2012, Juli</subfield>
    </datafield>
    <datafield ind1="-" ind2="2" tag="Z30">
      <subfield code="1">XAW1</subfield>
      <subfield code="2">MAG3</subfield>
      <subfield code="3">D848/2012,8</subfield>
      <subfield code="b">2012</subfield>
      <subfield code="c">8</subfield>
      <subfield code="h">2012,Aug.</subfield>
    </datafield>
    <datafield ind1="-" ind2="2" tag="Z30">
      <subfield code="1">XAW1</subfield>
      <subfield code="2">MAG3</subfield>
      <subfield code="3">D848/2012,9</subfield>
      <subfield code="b">2012</subfield>
      <subfield code="c">9</subfield>
      <subfield code="h">2012,Sept.</subfield>
    </datafield>
    <datafield ind1="-" ind2="2" tag="Z30">
      <subfield code="1">XAW1</subfield>
      <subfield code="2">MAG3</subfield>
      <subfield code="3">D848/2013,1</subfield>
      <subfield code="b">2013</subfield>
      <subfield code="c">1</subfield>
      <subfield code="h">2013,J&#xE4;n.</subfield>
    </datafield>
    <datafield ind1="-" ind2="2" tag="Z30">
      <subfield code="1">XAW1</subfield>
      <subfield code="2">MAG3</subfield>
      <subfield code="3">D848/2013,10</subfield>
      <subfield code="b">2013</subfield>
      <subfield code="c">10</subfield>
      <subfield code="h">2013,Okt.</subfield>
    </datafield>
    <datafield ind1="-" ind2="2" tag="Z30">
      <subfield code="1">XAW1</subfield>
      <subfield code="2">MAG3</subfield>
      <subfield code="3">D848/2013,11</subfield>
      <subfield code="b">2013</subfield>
      <subfield code="c">11</subfield>
      <subfield code="h">2013,Nov.</subfield>
    </datafield>
    <datafield ind1="-" ind2="2" tag="Z30">
      <subfield code="1">XAW1</subfield>
      <subfield code="2">MAG3</subfield>
      <subfield code="3">D848/2013,12</subfield>
      <subfield code="b">2013</subfield>
      <subfield code="c">12</subfield>
      <subfield code="h">2013,Dez.</subfield>
    </datafield>
    <datafield ind1="-" ind2="2" tag="Z30">
      <subfield code="1">XAW1</subfield>
      <subfield code="2">MAG3</subfield>
      <subfield code="3">D848/2013,2</subfield>
      <subfield code="b">2013</subfield>
      <subfield code="c">2</subfield>
      <subfield code="h">2013,Feb.</subfield>
    </datafield>
    <datafield ind1="-" ind2="2" tag="Z30">
      <subfield code="1">XAW1</subfield>
      <subfield code="2">MAG3</subfield>
      <subfield code="3">D848/2013,3</subfield>
      <subfield code="b">2013</subfield>
      <subfield code="c">3</subfield>
      <subfield code="h">2013,M&#xE4;rz</subfield>
    </datafield>
    <datafield ind1="-" ind2="2" tag="Z30">
      <subfield code="1">XAW1</subfield>
      <subfield code="2">MAG3</subfield>
      <subfield code="3">D848/2013,4</subfield>
      <subfield code="b">2013</subfield>
      <subfield code="c">4</subfield>
      <subfield code="h">2013,April</subfield>
      <subfield code="i">20130813</subfield>
    </datafield>
    <datafield ind1="-" ind2="2" tag="Z30">
      <subfield code="1">XAW1</subfield>
      <subfield code="2">MAG3</subfield>
      <subfield code="3">D848/2013,5</subfield>
      <subfield code="b">2013</subfield>
      <subfield code="c">5</subfield>
      <subfield code="h">2013,Mai</subfield>
      <subfield code="i">20130813</subfield>
    </datafield>
    <datafield ind1="-" ind2="2" tag="Z30">
      <subfield code="1">XAW1</subfield>
      <subfield code="2">MAG3</subfield>
      <subfield code="3">D848/2013,6</subfield>
      <subfield code="b">2013</subfield>
      <subfield code="c">6</subfield>
      <subfield code="h">2013,Juni</subfield>
    </datafield>
    <datafield ind1="-" ind2="2" tag="Z30">
      <subfield code="1">XAW1</subfield>
      <subfield code="2">MAG3</subfield>
      <subfield code="3">D848/2013,7</subfield>
      <subfield code="b">2013</subfield>
      <subfield code="c">7</subfield>
      <subfield code="h">2013,Juli</subfield>
    </datafield>
    <datafield ind1="-" ind2="2" tag="Z30">
      <subfield code="1">XAW1</subfield>
      <subfield code="2">MAG3</subfield>
      <subfield code="3">D848/2013,8</subfield>
      <subfield code="b">2013</subfield>
      <subfield code="c">8</subfield>
      <subfield code="h">2013,Aug.</subfield>
    </datafield>
    <datafield ind1="-" ind2="2" tag="Z30">
      <subfield code="1">XAW1</subfield>
      <subfield code="2">MAG3</subfield>
      <subfield code="3">D848/2013,9</subfield>
      <subfield code="b">2013</subfield>
      <subfield code="c">9</subfield>
      <subfield code="h">2013,Sept.</subfield>
    </datafield>
    <datafield ind1="-" ind2="2" tag="Z30">
      <subfield code="1">XAW1</subfield>
      <subfield code="2">MAG3</subfield>
      <subfield code="3">D848/2014,1</subfield>
      <subfield code="b">2014</subfield>
      <subfield code="c">1</subfield>
      <subfield code="h">2014,J&#xE4;n.</subfield>
    </datafield>
    <datafield ind1="-" ind2="2" tag="Z30">
      <subfield code="1">XAW1</subfield>
      <subfield code="2">MAG3</subfield>
      <subfield code="3">D848/2014,10</subfield>
      <subfield code="b">2014</subfield>
      <subfield code="c">10</subfield>
      <subfield code="h">2014,Okt.</subfield>
      <subfield code="i">20140704</subfield>
    </datafield>
    <datafield ind1="-" ind2="2" tag="Z30">
      <subfield code="1">XAW1</subfield>
      <subfield code="2">MAG3</subfield>
      <subfield code="3">D848/2014,11</subfield>
      <subfield code="b">2014</subfield>
      <subfield code="c">11</subfield>
      <subfield code="h">2014,Nov.</subfield>
      <subfield code="i">20140704</subfield>
    </datafield>
    <datafield ind1="-" ind2="2" tag="Z30">
      <subfield code="1">XAW1</subfield>
      <subfield code="2">MAG3</subfield>
      <subfield code="3">D848/2014,12</subfield>
      <subfield code="b">2014</subfield>
      <subfield code="c">12</subfield>
      <subfield code="h">2014,Dez.</subfield>
      <subfield code="i">20140704</subfield>
    </datafield>
    <datafield ind1="-" ind2="2" tag="Z30">
      <subfield code="1">XAW1</subfield>
      <subfield code="2">MAG3</subfield>
      <subfield code="3">D848/2014,2</subfield>
      <subfield code="b">2014</subfield>
      <subfield code="c">2</subfield>
      <subfield code="h">2014,Feb.</subfield>
    </datafield>
    <datafield ind1="-" ind2="2" tag="Z30">
      <subfield code="1">XAW1</subfield>
      <subfield code="2">MAG3</subfield>
      <subfield code="3">D848/2014,3</subfield>
      <subfield code="b">2014</subfield>
      <subfield code="c">3</subfield>
      <subfield code="h">2014,M&#xE4;rz</subfield>
      <subfield code="i">20140704</subfield>
    </datafield>
    <datafield ind1="-" ind2="2" tag="Z30">
      <subfield code="1">XAW1</subfield>
      <subfield code="2">MAG3</subfield>
      <subfield code="3">D848/2014,4</subfield>
      <subfield code="b">2014</subfield>
      <subfield code="c">4</subfield>
      <subfield code="h">2014,April</subfield>
      <subfield code="i">20140704</subfield>
    </datafield>
    <datafield ind1="-" ind2="2" tag="Z30">
      <subfield code="1">XAW1</subfield>
      <subfield code="2">MAG3</subfield>
      <subfield code="3">D848/2014,5</subfield>
      <subfield code="b">2014</subfield>
      <subfield code="c">5</subfield>
      <subfield code="h">2014,Mai</subfield>
      <subfield code="i">20140704</subfield>
    </datafield>
    <datafield ind1="-" ind2="2" tag="Z30">
      <subfield code="1">XAW1</subfield>
      <subfield code="2">MAG3</subfield>
      <subfield code="3">D848/2014,6</subfield>
      <subfield code="b">2014</subfield>
      <subfield code="c">6</subfield>
      <subfield code="h">2014,Juni</subfield>
      <subfield code="i">20140704</subfield>
    </datafield>
    <datafield ind1="-" ind2="2" tag="Z30">
      <subfield code="1">XAW1</subfield>
      <subfield code="2">MAG3</subfield>
      <subfield code="3">D848/2014,7</subfield>
      <subfield code="b">2014</subfield>
      <subfield code="c">7</subfield>
      <subfield code="h">2014,Juli</subfield>
      <subfield code="i">20140704</subfield>
    </datafield>
    <datafield ind1="-" ind2="2" tag="Z30">
      <subfield code="1">XAW1</subfield>
      <subfield code="2">MAG3</subfield>
      <subfield code="3">D848/2014,8</subfield>
      <subfield code="b">2014</subfield>
      <subfield code="c">8</subfield>
      <subfield code="h">2014,Aug.</subfield>
      <subfield code="i">20140704</subfield>
    </datafield>
    <datafield ind1="-" ind2="2" tag="Z30">
      <subfield code="1">XAW1</subfield>
      <subfield code="2">MAG3</subfield>
      <subfield code="3">D848/2014,9</subfield>
      <subfield code="b">2014</subfield>
      <subfield code="c">9</subfield>
      <subfield code="h">2014,Sept.</subfield>
      <subfield code="i">20140704</subfield>
    </datafield>
    <datafield ind1="-" ind2="2" tag="Z30">
      <subfield code="1">XAW1</subfield>
      <subfield code="2">MAG3</subfield>
      <subfield code="3">D848/2015,1</subfield>
      <subfield code="b">2015</subfield>
      <subfield code="c">1</subfield>
      <subfield code="h">2015,J&#xE4;n.</subfield>
      <subfield code="i">20140704</subfield>
    </datafield>
    <datafield ind1="-" ind2="2" tag="Z30">
      <subfield code="1">XAW1</subfield>
      <subfield code="2">MAG3</subfield>
      <subfield code="3">D848/2015,10</subfield>
      <subfield code="b">2015</subfield>
      <subfield code="c">10</subfield>
      <subfield code="h">2015,Okt.</subfield>
      <subfield code="i">20140704</subfield>
    </datafield>
    <datafield ind1="-" ind2="2" tag="Z30">
      <subfield code="1">XAW1</subfield>
      <subfield code="2">MAG3</subfield>
      <subfield code="3">D848/2015,11</subfield>
      <subfield code="b">2015</subfield>
      <subfield code="c">11</subfield>
      <subfield code="h">2015,Nov.</subfield>
      <subfield code="i">20140704</subfield>
    </datafield>
    <datafield ind1="-" ind2="2" tag="Z30">
      <subfield code="1">XAW1</subfield>
      <subfield code="2">MAG3</subfield>
      <subfield code="3">D848/2015,12</subfield>
      <subfield code="b">2015</subfield>
      <subfield code="c">12</subfield>
      <subfield code="h">2015,Dez.</subfield>
      <subfield code="i">20140704</subfield>
    </datafield>
    <datafield ind1="-" ind2="2" tag="Z30">
      <subfield code="1">XAW1</subfield>
      <subfield code="2">MAG3</subfield>
      <subfield code="3">D848/2015,2</subfield>
      <subfield code="b">2015</subfield>
      <subfield code="c">2</subfield>
      <subfield code="h">2015,Febr.</subfield>
      <subfield code="i">20140704</subfield>
    </datafield>
    <datafield ind1="-" ind2="2" tag="Z30">
      <subfield code="1">XAW1</subfield>
      <subfield code="2">MAG3</subfield>
      <subfield code="3">D848/2015,3</subfield>
      <subfield code="b">2015</subfield>
      <subfield code="c">3</subfield>
      <subfield code="h">2015,M&#xE4;rz</subfield>
      <subfield code="i">20140704</subfield>
    </datafield>
    <datafield ind1="-" ind2="2" tag="Z30">
      <subfield code="1">XAW1</subfield>
      <subfield code="2">MAG3</subfield>
      <subfield code="3">D848/2015,4</subfield>
      <subfield code="b">2015</subfield>
      <subfield code="c">4</subfield>
      <subfield code="h">2015,April</subfield>
      <subfield code="i">20140704</subfield>
    </datafield>
    <datafield ind1="-" ind2="2" tag="Z30">
      <subfield code="1">XAW1</subfield>
      <subfield code="2">MAG3</subfield>
      <subfield code="3">D848/2015,5</subfield>
      <subfield code="b">2015</subfield>
      <subfield code="c">5</subfield>
      <subfield code="h">2015,Mai</subfield>
      <subfield code="i">20140704</subfield>
    </datafield>
    <datafield ind1="-" ind2="2" tag="Z30">
      <subfield code="1">XAW1</subfield>
      <subfield code="2">MAG3</subfield>
      <subfield code="3">D848/2015,6</subfield>
      <subfield code="b">2015</subfield>
      <subfield code="c">6</subfield>
      <subfield code="h">2015,Juni</subfield>
      <subfield code="i">20140704</subfield>
    </datafield>
    <datafield ind1="-" ind2="2" tag="Z30">
      <subfield code="1">XAW1</subfield>
      <subfield code="2">MAG3</subfield>
      <subfield code="3">D848/2015,7</subfield>
      <subfield code="b">2015</subfield>
      <subfield code="c">7</subfield>
      <subfield code="h">2015,Juli</subfield>
      <subfield code="i">20140704</subfield>
    </datafield>
    <datafield ind1="-" ind2="2" tag="Z30">
      <subfield code="1">XAW1</subfield>
      <subfield code="2">MAG3</subfield>
      <subfield code="3">D848/2015,8</subfield>
      <subfield code="b">2015</subfield>
      <subfield code="c">8</subfield>
      <subfield code="h">2015,Aug.</subfield>
      <subfield code="i">20140704</subfield>
    </datafield>
    <datafield ind1="-" ind2="2" tag="Z30">
      <subfield code="1">XAW1</subfield>
      <subfield code="2">MAG3</subfield>
      <subfield code="3">D848/2015,9</subfield>
      <subfield code="b">2015</subfield>
      <subfield code="c">9</subfield>
      <subfield code="h">2015,Sept.</subfield>
      <subfield code="i">20140704</subfield>
    </datafield>
    <datafield ind1="-" ind2="2" tag="Z30">
      <subfield code="1">XAW1</subfield>
      <subfield code="2">MAG3</subfield>
      <subfield code="3">D848/2016,1</subfield>
      <subfield code="b">2016</subfield>
      <subfield code="c">1</subfield>
      <subfield code="h">2016,J&#xE4;n.</subfield>
      <subfield code="i">20140704</subfield>
    </datafield>
    <datafield ind1="-" ind2="2" tag="Z30">
      <subfield code="1">XAW1</subfield>
      <subfield code="2">MAG3</subfield>
      <subfield code="3">D848/2016,2</subfield>
      <subfield code="b">2016</subfield>
      <subfield code="c">2</subfield>
      <subfield code="h">2016,Febr.</subfield>
      <subfield code="i">20140704</subfield>
    </datafield>
    <datafield ind1="-" ind2="2" tag="Z30">
      <subfield code="1">XAW1</subfield>
      <subfield code="2">MAG3</subfield>
      <subfield code="3">D848/2016,3</subfield>
      <subfield code="b">2016</subfield>
      <subfield code="c">3</subfield>
      <subfield code="h">2016,M&#xE4;rz</subfield>
      <subfield code="i">20140704</subfield>
    </datafield>
    <datafield ind1="-" ind2="2" tag="Z30">
      <subfield code="1">XAW1</subfield>
      <subfield code="2">MAG3</subfield>
      <subfield code="3">D848/2016,4</subfield>
      <subfield code="b">2016</subfield>
      <subfield code="c">4</subfield>
      <subfield code="h">2016,April</subfield>
      <subfield code="i">20140704</subfield>
    </datafield>
    <datafield ind1="-" ind2="2" tag="Z30">
      <subfield code="1">XAW1</subfield>
      <subfield code="2">MAG3</subfield>
      <subfield code="3">D848/2016,5</subfield>
      <subfield code="b">2016</subfield>
      <subfield code="c">5</subfield>
      <subfield code="h">2016,Mai</subfield>
      <subfield code="i">20140704</subfield>
    </datafield>
    <datafield ind1="-" ind2="2" tag="Z30">
      <subfield code="1">XAW1</subfield>
      <subfield code="2">MAG3</subfield>
      <subfield code="3">D848/2016,6</subfield>
      <subfield code="b">2016</subfield>
      <subfield code="c">6</subfield>
      <subfield code="h">2016,Juni</subfield>
      <subfield code="i">20140704</subfield>
    </datafield>
  </record>