
  <record>
    <leader>-----nM2.01200024------h</leader>
    <controlfield tag="LDR">-----nM2.01200024------h</controlfield>
    <controlfield tag="FMT">MH</controlfield>
    <datafield ind1="-" ind2="1" tag="001">
      <subfield code="a">AC05985867</subfield>
    </datafield>
    <datafield ind1="z" ind2="1" tag="025">
      <subfield code="a">ZDB-2390562-1</subfield>
    </datafield>
    <controlfield tag="030">a|1ucr|||||35</controlfield>
    <datafield ind1="a" ind2="1" tag="036">
      <subfield code="a">AT</subfield>
    </datafield>
    <datafield ind1="b" ind2="1" tag="037">
      <subfield code="a">ger</subfield>
    </datafield>
    <controlfield tag="050">a|a|||||||||||</controlfield>
    <controlfield tag="052">p||||||aw||||||</controlfield>
    <datafield ind1="s" ind2="1" tag="076">
      <subfield code="a">01</subfield>
    </datafield>
    <datafield ind1="b" ind2="1" tag="086">
      <subfield code="a">D848/SF</subfield>
    </datafield>
    <datafield ind1="c" ind2="1" tag="086">
      <subfield code="a">ZSL 4</subfield>
    </datafield>
    <datafield ind1="-" ind2="1" tag="310">
      <subfield code="a">&lt;&lt;Die&gt;&gt; Presse / Schaufenster</subfield>
    </datafield>
    <datafield ind1="-" ind2="1" tag="331">
      <subfield code="a">&lt;&lt;Die&gt;&gt; Presse</subfield>
    </datafield>
    <datafield ind1="-" ind2="1" tag="335">
      <subfield code="a">S</subfield>
    </datafield>
    <datafield ind1="-" ind2="1" tag="360">
      <subfield code="a">Schaufenster</subfield>
    </datafield>
    <datafield ind1="a" ind2="1" tag="370">
      <subfield code="a">S</subfield>
    </datafield>
    <datafield ind1="-" ind2="1" tag="405">
      <subfield code="a">2006 -</subfield>
    </datafield>
    <datafield ind1="-" ind2="1" tag="410">
      <subfield code="a">Wien</subfield>
    </datafield>
    <datafield ind1="-" ind2="1" tag="412">
      <subfield code="a">"Die Presse" Magazine</subfield>
    </datafield>
    <datafield ind1="b" ind2="1" tag="425">
      <subfield code="a">2006</subfield>
    </datafield>
    <datafield ind1="-" ind2="1" tag="435">
      <subfield code="a">30 cm</subfield>
    </datafield>
    <datafield ind1="-" ind2="1" tag="507">
      <subfield code="a">ab Nr. 33.2012 m. d. Zusatz: S</subfield>
    </datafield>
    <datafield ind1="-" ind2="1" tag="511">
      <subfield code="a">Adresse des Verl.: A-1030 Wien, Hainburger Stra&#xDF;e 33</subfield>
    </datafield>
    <datafield ind1="-" ind2="1" tag="523">
      <subfield code="a">Erscheint w&#xF6;chentlich</subfield>
    </datafield>
    <datafield ind1="z" ind2="1" tag="530">
      <subfield code="p">Beil. zu</subfield>
      <subfield code="a">&lt;&lt;Die&gt;&gt; Presse &lt;Wien, 1848 -&gt;</subfield>
      <subfield code="9">AC00484398</subfield>
    </datafield>
    <datafield ind1="z" ind2="1" tag="530">
      <subfield code="p">Beil. zu</subfield>
      <subfield code="a">&lt;&lt;Die&gt;&gt; Presse &lt;Wien, 1946 -&gt; / Provinz-Ausgabe</subfield>
      <subfield code="9">AC02547204</subfield>
    </datafield>
    <datafield ind1="z" ind2="1" tag="531">
      <subfield code="p">Vorg.</subfield>
      <subfield code="a">Schaufenster</subfield>
      <subfield code="9">AC01061771</subfield>
    </datafield>
    <datafield ind1="-" ind2="1" tag="580">
      <subfield code="a">OeB2007,A,16 050</subfield>
    </datafield>
    <datafield ind1="z" ind2="1" tag="700">
      <subfield code="a">130</subfield>
    </datafield>
    <datafield ind1="z" ind2="1" tag="700">
      <subfield code="a">100</subfield>
    </datafield>
    <datafield ind1="z" ind2="1" tag="700">
      <subfield code="a">981</subfield>
    </datafield>
    <datafield ind1="z" ind2="1" tag="700">
      <subfield code="a">z989</subfield>
    </datafield>
    <controlfield tag="SYS">000319633</controlfield>
    <datafield ind1=" " ind2="9" tag="071">
      <subfield code="a">AKW</subfield>
      <subfield code="2">XAW1</subfield>
    </datafield>
    <datafield ind1=" " ind2="9" tag="200">
      <subfield code="b">2006 -</subfield>
      <subfield code="f">D848/SF</subfield>
      <subfield code="g">ZSL 4</subfield>
      <subfield code="2">AKW</subfield>
    </datafield>
    <datafield ind1=" " ind2="9" tag="NTU">
      <subfield code="a">FSW-Bestand</subfield>
      <subfield code="2">XAW1</subfield>
    </datafield>
    <datafield ind1=" " ind2="9" tag="OWN">
      <subfield code="a">XAW1</subfield>
    </datafield>
    <datafield ind1=" " ind2=" " tag="AVA">
      <subfield code="a">AKW50</subfield>
      <subfield code="b">XAW1</subfield>
      <subfield code="c">Fortsetzungsmagazin</subfield>
      <subfield code="d">D848/2006,SF,1,6</subfield>
      <subfield code="e">available</subfield>
      <subfield code="t">Verf&#xFC;gbar</subfield>
      <subfield code="f">2</subfield>
      <subfield code="g">0</subfield>
      <subfield code="h">Y</subfield>
      <subfield code="i">0</subfield>
      <subfield code="j">MAG3</subfield>
    </datafield>
    <datafield ind1="-" ind2="2" tag="Z30">
      <subfield code="1">XAW1</subfield>
      <subfield code="2">MAG3</subfield>
      <subfield code="3">D848/2006,SF,1,6</subfield>
      <subfield code="b">2006</subfield>
      <subfield code="c">1-6</subfield>
      <subfield code="h">2006,SF,Jan.-Juni</subfield>
      <subfield code="i">20080303</subfield>
    </datafield>
    <datafield ind1="-" ind2="2" tag="Z30">
      <subfield code="1">XAW1</subfield>
      <subfield code="2">MAG3</subfield>
      <subfield code="3">D848/2006,SF,1,6</subfield>
      <subfield code="b">2006</subfield>
      <subfield code="c">1-6</subfield>
      <subfield code="h">2006,SF,Juli-Dez.</subfield>
      <subfield code="i">20080303</subfield>
    </datafield>
  </record>