
  <record>
    <leader>-----nM2.01200024------u</leader>
    <controlfield tag="LDR">-----nM2.01200024------u</controlfield>
    <controlfield tag="FMT">MU</controlfield>
    <datafield ind1="-" ind2="1" tag="001">
      <subfield code="a">AC04764499</subfield>
    </datafield>
    <datafield ind1="-" ind2="2" tag="001">
      <subfield code="a">AC04517897</subfield>
    </datafield>
    <datafield ind1="-" ind2="1" tag="010">
      <subfield code="a">AC04517897</subfield>
    </datafield>
    <controlfield tag="030">a|1udr|||||||</controlfield>
    <datafield ind1="a" ind2="2" tag="036">
      <subfield code="a">DE</subfield>
    </datafield>
    <datafield ind1="b" ind2="2" tag="037">
      <subfield code="a">ger</subfield>
    </datafield>
    <controlfield tag="050">||||||||d||002</controlfield>
    <controlfield tag="051">||||||||</controlfield>
    <datafield ind1="s" ind2="1" tag="076">
      <subfield code="a">01</subfield>
    </datafield>
    <datafield ind1="s" ind2="2" tag="076">
      <subfield code="a">01</subfield>
    </datafield>
    <datafield ind1="-" ind2="1" tag="089">
      <subfield code="a">Audio-Online-Paket</subfield>
    </datafield>
    <datafield ind1="-" ind2="1" tag="090">
      <subfield code="a">31</subfield>
    </datafield>
    <datafield ind1="b" ind2="1" tag="100">
      <subfield code="a">Popp, Manuela</subfield>
    </datafield>
    <datafield ind1="b" ind2="2" tag="100">
      <subfield code="p">Zwahr, Annette</subfield>
      <subfield code="d">1942-</subfield>
      <subfield code="9">(DE-588)109827473</subfield>
      <subfield code="b">[Red.]</subfield>
    </datafield>
    <datafield ind1="-" ind2="2" tag="331">
      <subfield code="a">Brockhaus-Enzyklop&#xE4;die</subfield>
    </datafield>
    <datafield ind1="-" ind2="1" tag="334">
      <subfield code="a">Elektronische Ressource</subfield>
    </datafield>
    <datafield ind1="-" ind2="2" tag="334">
      <subfield code="a">Medienkombination</subfield>
    </datafield>
    <datafield ind1="-" ind2="2" tag="335">
      <subfield code="a">in 30 B&#xE4;nden</subfield>
    </datafield>
    <datafield ind1="-" ind2="1" tag="359">
      <subfield code="a">Projektleitung: Manuela Popp (Gesamtred.) ...</subfield>
    </datafield>
    <datafield ind1="-" ind2="2" tag="359">
      <subfield code="a">[red. Leitung: Annette Zwahr]</subfield>
    </datafield>
    <datafield ind1="-" ind2="2" tag="403">
      <subfield code="a">21., v&#xF6;llig neu bearb. Aufl.</subfield>
    </datafield>
    <datafield ind1="-" ind2="2" tag="410">
      <subfield code="a">Leipzig [u.a.]</subfield>
    </datafield>
    <datafield ind1="-" ind2="2" tag="412">
      <subfield code="a">Brockhaus</subfield>
    </datafield>
    <datafield ind1="a" ind2="1" tag="425">
      <subfield code="a">2006</subfield>
    </datafield>
    <datafield ind1="b" ind2="2" tag="425">
      <subfield code="a">2006</subfield>
    </datafield>
    <datafield ind1="c" ind2="2" tag="425">
      <subfield code="a">2006</subfield>
    </datafield>
    <datafield ind1="-" ind2="2" tag="435">
      <subfield code="a">24 cm</subfield>
    </datafield>
    <datafield ind1="a" ind2="1" tag="512">
      <subfield code="a">in Box 25 x 18 x 6 cm</subfield>
    </datafield>
    <datafield ind1="-" ind2="1" tag="517">
      <subfield code="a">Paket enth.: Audiothek (2 DVDs), Beih. Audiothek (115 S.), Handbuch (19 S.), Beih. Online (23 S.), Beih. Wissenschaft (23 S.), Onlinekurzanleitung mit Zugangscode zum Online-Portal, 6 Postkarten, Enzyklop&#xE4;die-Zertifikat, 1 DVD "Entstehung d. 21. Aufl."</subfield>
    </datafield>
    <datafield ind1="z" ind2="2" tag="527">
      <subfield code="p">Online-Ausg.</subfield>
      <subfield code="a">Brockhaus-Enzyklop&#xE4;die online</subfield>
      <subfield code="9">AC04986547</subfield>
    </datafield>
    <datafield ind1="z" ind2="2" tag="527">
      <subfield code="p">Onlineausg.: ---&gt;</subfield>
      <subfield code="a">Brockhaus-Wissensservice</subfield>
      <subfield code="9">2723085-5</subfield>
    </datafield>
    <datafield ind1="z" ind2="2" tag="527">
      <subfield code="p">DVD-Ausg.</subfield>
      <subfield code="a">Brockhaus - Enzyklop&#xE4;die digital</subfield>
      <subfield code="9">AC04888609</subfield>
    </datafield>
    <datafield ind1="-" ind2="2" tag="531">
      <subfield code="p">20. Aufl. u.d.T.</subfield>
      <subfield code="a">Brockhaus - die Enzyklop&#xE4;die</subfield>
    </datafield>
    <datafield ind1="a" ind2="1" tag="540">
      <subfield code="a">3-999-53011-1</subfield>
      <subfield code="b">(Audiothek)</subfield>
    </datafield>
    <datafield ind1="a" ind2="1" tag="540">
      <subfield code="a">3-999-53151-7</subfield>
      <subfield code="b">(Beih. Wissenswelt)</subfield>
    </datafield>
    <datafield ind1="a" ind2="1" tag="540">
      <subfield code="a">3-999-53061-8</subfield>
      <subfield code="b">(Handbuch)</subfield>
    </datafield>
    <datafield ind1="a" ind2="1" tag="540">
      <subfield code="a">3-999-53101-0</subfield>
      <subfield code="b">(Beih. Online)</subfield>
    </datafield>
    <datafield ind1="a" ind2="1" tag="540">
      <subfield code="a">3-999-52861-3</subfield>
      <subfield code="b">(Beih. Audiothek)</subfield>
    </datafield>
    <datafield ind1="a" ind2="1" tag="540">
      <subfield code="a">3-999-52981-4</subfield>
      <subfield code="b">(Onlinekurzanleitung)</subfield>
    </datafield>
    <datafield ind1="a" ind2="2" tag="540">
      <subfield code="a">3-7653-4140-1</subfield>
      <subfield code="b">EUR 2490.00 (DE), EUR 2562.00 (AT)</subfield>
    </datafield>
    <datafield ind1="a" ind2="2" tag="540">
      <subfield code="a">3-7653-4148-7</subfield>
    </datafield>
    <datafield ind1="a" ind2="2" tag="540">
      <subfield code="a">3-7653-4146-0</subfield>
    </datafield>
    <datafield ind1="a" ind2="2" tag="540">
      <subfield code="a">3-7653-4147-9</subfield>
    </datafield>
    <datafield ind1="-" ind2="1" tag="651">
      <subfield code="a">Systemvoraussetzungen DVD-ROM (Windows)</subfield>
      <subfield code="b">Multimedia-PC d. Pentium II-Klasse (ab 350 MHz) oder h&#xF6;her; Windows 2000 oder XP; 128 MB RAM; DVD-ROM-Laufwerk; eine von Windows unterst&#xFC;tzte Soundkarte; Grafikkarte mit 1024x768 Pixeln Aufl&#xF6;sung oder h&#xF6;her u. 65000 Farben oder mehr; aktueller Internet-Browser zur Anzeige der Hilfe</subfield>
    </datafield>
    <datafield ind1="-" ind2="1" tag="651">
      <subfield code="a">Systemvoraussetzungen DVD-ROM (Apple Macintosh)</subfield>
      <subfield code="b">Apple Macintosh-Rechner mit G3-Prozessor (ab 350 MHz) oder h&#xF6;her; Mac OS X 10.2.8 oder h&#xF6;her; 128 MB RAM; DVD-ROM-Laufwerk; eine von Windows unterst&#xFC;tzte Soundkarte; Grafikkarte mit 1024x768 Pixeln Aufl&#xF6;sung oder h&#xF6;her u. 65000 Farben oder mehr; aktueller Internet-Browser zur Anzeige der Hilfe</subfield>
    </datafield>
    <datafield ind1="-" ind2="1" tag="651">
      <subfield code="a">Systemvoraussetzungen Video-DVD</subfield>
      <subfield code="b">Handels&#xFC;blicher DVD-Player</subfield>
    </datafield>
    <datafield ind1="a" ind2="1" tag="652">
      <subfield code="a">DVD</subfield>
    </datafield>
    <datafield ind1="-" ind2="1" tag="653">
      <subfield code="a">2 DVD-ROMs, 1 Video-DVD</subfield>
      <subfield code="c">farb., mit Ton und Videosequenzen</subfield>
      <subfield code="d">12 cm</subfield>
      <subfield code="e">14 Beil.</subfield>
    </datafield>
    <datafield ind1="x" ind2="2" tag="700">
      <subfield code="a">030 Enzyklop&#xE4;dien, enzyklop&#xE4;dische Jahrb&#xFC;cher</subfield>
      <subfield code="c">22</subfield>
    </datafield>
    <datafield ind1="b" ind2="2" tag="700">
      <subfield code="a">033.1</subfield>
      <subfield code="c">22ger</subfield>
      <subfield code="z">LBOLIN</subfield>
    </datafield>
    <datafield ind1="f" ind2="1" tag="700">
      <subfield code="a">01.22</subfield>
      <subfield code="b">Allgemeinenzyklop&#xE4;dien, Universallexika</subfield>
    </datafield>
    <datafield ind1="g" ind2="1" tag="700">
      <subfield code="a">AE 11000</subfield>
    </datafield>
    <datafield ind1="g" ind2="2" tag="700">
      <subfield code="a">AE 11000</subfield>
    </datafield>
    <datafield ind1="g" ind2="2" tag="700">
      <subfield code="a">AE 11006</subfield>
    </datafield>
    <datafield ind1="-" ind2="1" tag="902">
      <subfield code="f">Enzyklop&#xE4;die</subfield>
    </datafield>
    <datafield ind1="-" ind2="1" tag="902">
      <subfield code="f">DVD-ROM</subfield>
    </datafield>
    <datafield ind1="-" ind2="1" tag="902">
      <subfield code="f">DVD-Video</subfield>
    </datafield>
    <datafield ind1="-" ind2="2" tag="902">
      <subfield code="f">Enzyklop&#xE4;die</subfield>
    </datafield>
    <datafield ind1="-" ind2="2" tag="907">
      <subfield code="f">Enzyklop&#xE4;die</subfield>
    </datafield>
    <datafield ind1="-" ind2="2" tag="907">
      <subfield code="f">DVD-Video</subfield>
    </datafield>
    <datafield ind1="-" ind2="2" tag="912">
      <subfield code="f">Enzyklop&#xE4;die</subfield>
    </datafield>
    <datafield ind1="-" ind2="2" tag="912">
      <subfield code="f">DVD-ROM</subfield>
    </datafield>
    <controlfield tag="SYS">000321310</controlfield>
    <datafield ind1=" " ind2=" " tag="BKL">
      <subfield code="a">Allgemeinenzyklop&#xE4;dien</subfield>
    </datafield>
    <datafield ind1=" " ind2=" " tag="BKL">
      <subfield code="a">Universallexika</subfield>
    </datafield>
    <datafield ind1=" " ind2=" " tag="BKL">
      <subfield code="a">general reference works: general encyclopedias</subfield>
    </datafield>
    <datafield ind1=" " ind2=" " tag="BKL">
      <subfield code="a">general encyclopedias &lt;general reference works&gt;</subfield>
    </datafield>
    <datafield ind1=" " ind2=" " tag="AVA">
      <subfield code="a">AKW50</subfield>
      <subfield code="b">XAW1</subfield>
      <subfield code="c">ABT.BI</subfield>
      <subfield code="d">M523</subfield>
      <subfield code="e">available</subfield>
      <subfield code="t">Verf&#xFC;gbar</subfield>
      <subfield code="f">1</subfield>
      <subfield code="g">0</subfield>
      <subfield code="h">N</subfield>
      <subfield code="i">0</subfield>
      <subfield code="j">BI</subfield>
    </datafield>
    <datafield ind1="-" ind2="1" tag="Z30">
      <subfield code="1">XAW1</subfield>
      <subfield code="2">BI</subfield>
      <subfield code="3">M523</subfield>
      <subfield code="9">ABT.BI</subfield>
      <subfield code="g">11754</subfield>
    </datafield>
  </record>