
  <record>
    <leader>00762pM2.01200024------h</leader>
    <controlfield tag="LDR">00762pM2.01200024------h</controlfield>
    <controlfield tag="FMT">MH</controlfield>
    <datafield ind1="-" ind2="1" tag="001">
      <subfield code="a">AC07655054</subfield>
    </datafield>
    <datafield ind1="b" ind2="1" tag="002">
      <subfield code="a">20090615</subfield>
    </datafield>
    <datafield ind1="a" ind2="1" tag="025">
      <subfield code="a">99241069X</subfield>
    </datafield>
    <controlfield tag="030">u|1daz|z|||37</controlfield>
    <datafield ind1="a" ind2="1" tag="036">
      <subfield code="a">XA-DE-HE</subfield>
    </datafield>
    <datafield ind1="b" ind2="1" tag="037">
      <subfield code="a">ger</subfield>
    </datafield>
    <controlfield tag="050">a|a|||||||||||</controlfield>
    <controlfield tag="051">s|||z|||</controlfield>
    <datafield ind1="a" ind2="1" tag="070">
      <subfield code="a">DNB</subfield>
    </datafield>
    <datafield ind1="s" ind2="1" tag="076">
      <subfield code="a">10</subfield>
    </datafield>
    <datafield ind1="b" ind2="1" tag="100">
      <subfield code="a">Mies, Thomas</subfield>
      <subfield code="b">[Hrsg.]</subfield>
    </datafield>
    <datafield ind1="-" ind2="1" tag="331">
      <subfield code="a">Gesellschaft, Herrschaft und Bewu&#xDF;tsein</subfield>
    </datafield>
    <datafield ind1="-" ind2="1" tag="335">
      <subfield code="a">Symbolische Gewalt und das Elend der Zivilisation</subfield>
    </datafield>
    <datafield ind1="-" ind2="1" tag="359">
      <subfield code="a">Thomas Mies ; Karl Hermann Tjaden (Hrsg.)</subfield>
    </datafield>
    <datafield ind1="-" ind2="1" tag="403">
      <subfield code="a">1. Aufl.</subfield>
    </datafield>
    <datafield ind1="-" ind2="1" tag="410">
      <subfield code="a">Kassel</subfield>
    </datafield>
    <datafield ind1="-" ind2="1" tag="412">
      <subfield code="a">Jenior</subfield>
    </datafield>
    <datafield ind1="a" ind2="1" tag="425">
      <subfield code="a">2009</subfield>
    </datafield>
    <datafield ind1="-" ind2="1" tag="433">
      <subfield code="a">474 S.</subfield>
    </datafield>
    <datafield ind1="-" ind2="1" tag="435">
      <subfield code="a">190 mm x 120 mm, 600 gr.</subfield>
    </datafield>
    <datafield ind1="-" ind2="1" tag="451">
      <subfield code="a">Studien zu Subsistenz, Familie, Politik ; 4</subfield>
    </datafield>
    <datafield ind1="r" ind2="1" tag="453">
      <subfield code="a">AC02207731</subfield>
    </datafield>
    <datafield ind1="a" ind2="1" tag="540">
      <subfield code="a">978-3-934377-47-9</subfield>
      <subfield code="b">GB. : EUR 22.00</subfield>
    </datafield>
    <datafield ind1="a" ind2="1" tag="553">
      <subfield code="a">9783934377479</subfield>
    </datafield>
    <datafield ind1="e" ind2="1" tag="655">
      <subfield code="q">text/html</subfield>
      <subfield code="u">www.jenior.de</subfield>
      <subfield code="3">Ausf&#xFC;hrliche Beschreibung</subfield>
      <subfield code="A">2</subfield>
    </datafield>
    <datafield ind1="x" ind2="1" tag="700">
      <subfield code="a">306 Kultur, Sozialgeschichte</subfield>
      <subfield code="c">22</subfield>
    </datafield>
    <datafield ind1="b" ind2="1" tag="700">
      <subfield code="a">306.01</subfield>
      <subfield code="c">22ger</subfield>
      <subfield code="z">DNB</subfield>
    </datafield>
    <datafield ind1="f" ind2="1" tag="700">
      <subfield code="a">71.11</subfield>
      <subfield code="b">Gesellschaft &lt;Soziologie&gt;</subfield>
    </datafield>
    <datafield ind1="g" ind2="1" tag="700">
      <subfield code="a">MR 5800</subfield>
      <subfield code="O">Automatisch aus BVB_2012-06 2013-06-06</subfield>
    </datafield>
    <datafield ind1="-" ind2="1" tag="902">
      <subfield code="s">Zivilisationsprozess</subfield>
      <subfield code="9">(DE-588)4493849-4</subfield>
    </datafield>
    <datafield ind1="-" ind2="1" tag="902">
      <subfield code="s">Gesellschaft</subfield>
      <subfield code="9">(DE-588)4020588-5</subfield>
    </datafield>
    <datafield ind1="-" ind2="1" tag="902">
      <subfield code="s">Bewusstsein</subfield>
      <subfield code="9">(DE-588)4006349-5</subfield>
    </datafield>
    <datafield ind1="-" ind2="1" tag="902">
      <subfield code="s">Herrschaft</subfield>
      <subfield code="9">(DE-588)4024596-2</subfield>
    </datafield>
    <datafield ind1="-" ind2="1" tag="902">
      <subfield code="f">Aufsatzsammlung</subfield>
    </datafield>
    <controlfield tag="SYS">000327124</controlfield>
    <datafield ind1=" " ind2=" " tag="BKL">
      <subfield code="a">sociology: social structure: society</subfield>
    </datafield>
    <datafield ind1=" " ind2=" " tag="BKL">
      <subfield code="a">society &lt;sociology: social structure&gt;</subfield>
    </datafield>
    <datafield ind1=" " ind2=" " tag="SWD">
      <subfield code="s">Politische Herrschaft</subfield>
      <subfield code="9">(DE-588)4024596-2</subfield>
    </datafield>
    <datafield ind1=" " ind2=" " tag="SWD">
      <subfield code="s">Oberherrschaft</subfield>
      <subfield code="9">(DE-588)4024596-2</subfield>
    </datafield>
    <datafield ind1=" " ind2=" " tag="SWD">
      <subfield code="s">Oberhoheit</subfield>
      <subfield code="9">(DE-588)4024596-2</subfield>
    </datafield>
    <datafield ind1=" " ind2=" " tag="SWD">
      <subfield code="s">Herrschaftsbildung</subfield>
      <subfield code="9">(DE-588)4024596-2</subfield>
    </datafield>
    <datafield ind1=" " ind2=" " tag="SWD">
      <subfield code="s">Herrlichkeit</subfield>
      <subfield code="h">Herrschaft</subfield>
      <subfield code="9">(DE-588)4024596-2</subfield>
    </datafield>
    <datafield ind1=" " ind2=" " tag="SWD">
      <subfield code="s">Unterherrschaft</subfield>
      <subfield code="9">(DE-588)4024596-2</subfield>
    </datafield>
    <datafield ind1=" " ind2=" " tag="SWD">
      <subfield code="s">Unterherrlichkeit</subfield>
      <subfield code="9">(DE-588)4024596-2</subfield>
    </datafield>
    <datafield ind1=" " ind2=" " tag="SWD">
      <subfield code="s">Politische Herrschaft</subfield>
      <subfield code="9">(DE-588)4024596-2</subfield>
    </datafield>
    <datafield ind1=" " ind2=" " tag="SWD">
      <subfield code="s">Oberherrschaft</subfield>
      <subfield code="9">(DE-588)4024596-2</subfield>
    </datafield>
    <datafield ind1=" " ind2=" " tag="SWD">
      <subfield code="s">Oberhoheit</subfield>
      <subfield code="9">(DE-588)4024596-2</subfield>
    </datafield>
    <datafield ind1=" " ind2=" " tag="SWD">
      <subfield code="s">Herrschaftsbildung</subfield>
      <subfield code="9">(DE-588)4024596-2</subfield>
    </datafield>
    <datafield ind1=" " ind2=" " tag="SWD">
      <subfield code="s">Herrlichkeit</subfield>
      <subfield code="h">Herrschaft</subfield>
      <subfield code="9">(DE-588)4024596-2</subfield>
    </datafield>
    <datafield ind1=" " ind2=" " tag="SWD">
      <subfield code="s">Unterherrschaft</subfield>
      <subfield code="9">(DE-588)4024596-2</subfield>
    </datafield>
    <datafield ind1=" " ind2=" " tag="SWD">
      <subfield code="s">Unterherrlichkeit</subfield>
      <subfield code="9">(DE-588)4024596-2</subfield>
    </datafield>
    <datafield ind1=" " ind2=" " tag="SWD">
      <subfield code="s">Zivilisation</subfield>
      <subfield code="x">Evolution</subfield>
      <subfield code="9">(DE-588)4493849-4</subfield>
    </datafield>
    <datafield ind1=" " ind2=" " tag="SWD">
      <subfield code="s">Zivilisation</subfield>
      <subfield code="x">Evolution</subfield>
      <subfield code="9">(DE-588)4493849-4</subfield>
    </datafield>
    <datafield ind1=" " ind2=" " tag="AVA">
      <subfield code="a">AKW50</subfield>
      <subfield code="b">XAW1</subfield>
      <subfield code="c">Magazin 1</subfield>
      <subfield code="d">A45865</subfield>
      <subfield code="e">available</subfield>
      <subfield code="t">Verf&#xFC;gbar</subfield>
      <subfield code="f">1</subfield>
      <subfield code="g">0</subfield>
      <subfield code="h">N</subfield>
      <subfield code="i">0</subfield>
      <subfield code="j">MAG1</subfield>
    </datafield>
    <datafield ind1="-" ind2="1" tag="Z30">
      <subfield code="1">XAW1</subfield>
      <subfield code="2">MAG1</subfield>
      <subfield code="3">A45865</subfield>
      <subfield code="g">24688</subfield>
    </datafield>
  </record>