
  <record>
    <leader>00439nM2.01000024------h</leader>
    <controlfield tag="LDR">00439nM2.01000024------h</controlfield>
    <controlfield tag="FMT">MH</controlfield>
    <datafield ind1="-" ind2="1" tag="001">
      <subfield code="a">AC00430086</subfield>
    </datafield>
    <datafield ind1="z" ind2="1" tag="025">
      <subfield code="a">ZDB-137267-1</subfield>
    </datafield>
    <controlfield tag="030">z|1dcr|||||35</controlfield>
    <datafield ind1="a" ind2="1" tag="036">
      <subfield code="a">AT</subfield>
    </datafield>
    <datafield ind1="b" ind2="1" tag="037">
      <subfield code="a">ger</subfield>
    </datafield>
    <controlfield tag="050">a|a|||||||||||</controlfield>
    <controlfield tag="052">z||||||tw||||||</controlfield>
    <datafield ind1="b" ind2="1" tag="086">
      <subfield code="a">D30742</subfield>
    </datafield>
    <datafield ind1="c" ind2="1" tag="086">
      <subfield code="a">Perabg</subfield>
    </datafield>
    <datafield ind1="-" ind2="1" tag="310">
      <subfield code="a">&lt;&lt;Die&gt;&gt; Presse &lt;Wien, 1848 -&gt; / Magazin</subfield>
    </datafield>
    <datafield ind1="-" ind2="1" tag="331">
      <subfield code="a">&lt;&lt;Die&gt;&gt; Presse</subfield>
    </datafield>
    <datafield ind1="-" ind2="1" tag="335">
      <subfield code="a">unabh&#xE4;ngige Zeitung f&#xFC;r &#xD6;sterreich</subfield>
    </datafield>
    <datafield ind1="-" ind2="1" tag="360">
      <subfield code="a">Magazin</subfield>
    </datafield>
    <datafield ind1="-" ind2="1" tag="405">
      <subfield code="a">1951 - 1994,17; damit Ersch. eingest.</subfield>
    </datafield>
    <datafield ind1="-" ind2="1" tag="410">
      <subfield code="a">Wien</subfield>
    </datafield>
    <datafield ind1="b" ind2="1" tag="425">
      <subfield code="a">1951</subfield>
    </datafield>
    <datafield ind1="c" ind2="1" tag="425">
      <subfield code="a">1994</subfield>
    </datafield>
    <datafield ind1="-" ind2="1" tag="523">
      <subfield code="a">Erscheint w&#xF6;chentlich</subfield>
    </datafield>
    <datafield ind1="z" ind2="1" tag="530">
      <subfield code="p">Beil. zu</subfield>
      <subfield code="a">&lt;&lt;Die&gt;&gt; Presse &lt;Wien, 1848 -&gt;</subfield>
      <subfield code="9">AC00484398</subfield>
    </datafield>
    <datafield ind1="-" ind2="1" tag="902">
      <subfield code="g">&#xD6;sterreich</subfield>
      <subfield code="9">(DE-588)4043271-3</subfield>
    </datafield>
    <datafield ind1="-" ind2="1" tag="902">
      <subfield code="s">Kultur</subfield>
      <subfield code="9">(DE-588)4125698-0</subfield>
    </datafield>
    <datafield ind1="-" ind2="1" tag="902">
      <subfield code="f">Zeitung</subfield>
    </datafield>
    <controlfield tag="SYS">000327185</controlfield>
    <datafield ind1=" " ind2="9" tag="071">
      <subfield code="a">AKW</subfield>
      <subfield code="2">XAW1</subfield>
    </datafield>
    <datafield ind1=" " ind2="9" tag="200">
      <subfield code="b">1980-1994</subfield>
      <subfield code="c">[N=1982,1; 1991,7-12]</subfield>
      <subfield code="f">D30742</subfield>
      <subfield code="g">Perabg</subfield>
      <subfield code="2">AKW</subfield>
    </datafield>
    <datafield ind1=" " ind2="9" tag="NTU">
      <subfield code="a">FSW-Bestand</subfield>
      <subfield code="2">XAW1</subfield>
    </datafield>
    <datafield ind1=" " ind2="9" tag="OWN">
      <subfield code="a">XAW1</subfield>
    </datafield>
    <datafield ind1=" " ind2=" " tag="SWD">
      <subfield code="9">(DE-588)35878-2</subfield>
    </datafield>
    <datafield ind1=" " ind2=" " tag="SWD">
      <subfield code="g">&lt;&lt;Die&gt;&gt; im Reichsrat vertretenen K&#xF6;nigreiche und L&#xE4;nder</subfield>
      <subfield code="h">&#xD6;sterreich</subfield>
      <subfield code="9">(DE-588)4043271-3</subfield>
    </datafield>
    <datafield ind1=" " ind2=" " tag="SWD">
      <subfield code="g">Zisleithanien</subfield>
      <subfield code="9">(DE-588)4043271-3</subfield>
    </datafield>
    <datafield ind1=" " ind2=" " tag="SWD">
      <subfield code="g">Cisleithanien</subfield>
      <subfield code="9">(DE-588)4043271-3</subfield>
    </datafield>
    <datafield ind1=" " ind2=" " tag="SWD">
      <subfield code="g">Habsburgermonarchie</subfield>
      <subfield code="9">(DE-588)4043271-3</subfield>
    </datafield>
    <datafield ind1=" " ind2=" " tag="SWD">
      <subfield code="g">Habsburgerreich</subfield>
      <subfield code="9">(DE-588)4043271-3</subfield>
    </datafield>
    <datafield ind1=" " ind2=" " tag="SWD">
      <subfield code="g">Austria</subfield>
      <subfield code="9">(DE-588)4043271-3</subfield>
    </datafield>
    <datafield ind1=" " ind2=" " tag="SWD">
      <subfield code="g">Republik &#xD6;sterreich</subfield>
      <subfield code="9">(DE-588)4043271-3</subfield>
    </datafield>
    <datafield ind1=" " ind2=" " tag="SWD">
      <subfield code="g">&#xD6;sterreich</subfield>
      <subfield code="h">Zweite Republik</subfield>
      <subfield code="9">(DE-588)4043271-3</subfield>
    </datafield>
    <datafield ind1=" " ind2=" " tag="SWD">
      <subfield code="g">Bundesstaat &#xD6;sterreich</subfield>
      <subfield code="9">(DE-588)4043271-3</subfield>
    </datafield>
    <datafield ind1=" " ind2=" " tag="SWD">
      <subfield code="g">&#xD6;sterreich</subfield>
      <subfield code="h">Erste Republik</subfield>
      <subfield code="9">(DE-588)4043271-3</subfield>
    </datafield>
    <datafield ind1=" " ind2=" " tag="SWD">
      <subfield code="g">Deutsch&#xF6;sterreich</subfield>
      <subfield code="9">(DE-588)4043271-3</subfield>
    </datafield>
    <datafield ind1=" " ind2=" " tag="SWD">
      <subfield code="g">Staat Deutsch&#xF6;sterreich</subfield>
      <subfield code="9">(DE-588)4043271-3</subfield>
    </datafield>
    <datafield ind1=" " ind2=" " tag="SWD">
      <subfield code="g">Land &#xD6;sterreich</subfield>
      <subfield code="9">(DE-588)4043271-3</subfield>
    </datafield>
    <datafield ind1=" " ind2=" " tag="SWD">
      <subfield code="g">Kaisertum &#xD6;sterreich</subfield>
      <subfield code="9">(DE-588)4043271-3</subfield>
    </datafield>
    <datafield ind1=" " ind2=" " tag="SWD">
      <subfield code="g">Kaiserthum &#xD6;sterreich</subfield>
      <subfield code="9">(DE-588)4043271-3</subfield>
    </datafield>
    <datafield ind1=" " ind2=" " tag="SWD">
      <subfield code="g">&#xD6;sterreichische Monarchie</subfield>
      <subfield code="9">(DE-588)4043271-3</subfield>
    </datafield>
    <datafield ind1=" " ind2=" " tag="SWD">
      <subfield code="g">Ostmark</subfield>
      <subfield code="h">&#xD6;sterreich</subfield>
      <subfield code="9">(DE-588)4043271-3</subfield>
    </datafield>
    <datafield ind1=" " ind2=" " tag="SWD">
      <subfield code="g">Autriche</subfield>
      <subfield code="9">(DE-588)4043271-3</subfield>
    </datafield>
    <datafield ind1=" " ind2=" " tag="SWD">
      <subfield code="g">Austrya</subfield>
      <subfield code="9">(DE-588)4043271-3</subfield>
    </datafield>
    <datafield ind1=" " ind2=" " tag="SWD">
      <subfield code="g">Austrja</subfield>
      <subfield code="9">(DE-588)4043271-3</subfield>
    </datafield>
    <datafield ind1=" " ind2=" " tag="SWD">
      <subfield code="g">Ostmark</subfield>
      <subfield code="9">(DE-588)4043271-3</subfield>
    </datafield>
    <datafield ind1=" " ind2=" " tag="SWD">
      <subfield code="9">(DE-588)1085175685</subfield>
    </datafield>
    <datafield ind1=" " ind2=" " tag="SWD">
      <subfield code="9">(DE-588)1087268060</subfield>
    </datafield>
    <datafield ind1=" " ind2=" " tag="SWD">
      <subfield code="9">(DE-588)35878-2</subfield>
    </datafield>
    <datafield ind1=" " ind2=" " tag="SWD">
      <subfield code="g">&lt;&lt;Die&gt;&gt; im Reichsrat vertretenen K&#xF6;nigreiche und L&#xE4;nder</subfield>
      <subfield code="h">&#xD6;sterreich</subfield>
      <subfield code="9">(DE-588)4043271-3</subfield>
    </datafield>
    <datafield ind1=" " ind2=" " tag="SWD">
      <subfield code="g">Zisleithanien</subfield>
      <subfield code="9">(DE-588)4043271-3</subfield>
    </datafield>
    <datafield ind1=" " ind2=" " tag="SWD">
      <subfield code="g">Cisleithanien</subfield>
      <subfield code="9">(DE-588)4043271-3</subfield>
    </datafield>
    <datafield ind1=" " ind2=" " tag="SWD">
      <subfield code="g">Habsburgermonarchie</subfield>
      <subfield code="9">(DE-588)4043271-3</subfield>
    </datafield>
    <datafield ind1=" " ind2=" " tag="SWD">
      <subfield code="g">Habsburgerreich</subfield>
      <subfield code="9">(DE-588)4043271-3</subfield>
    </datafield>
    <datafield ind1=" " ind2=" " tag="SWD">
      <subfield code="g">Austria</subfield>
      <subfield code="9">(DE-588)4043271-3</subfield>
    </datafield>
    <datafield ind1=" " ind2=" " tag="SWD">
      <subfield code="g">Republik &#xD6;sterreich</subfield>
      <subfield code="9">(DE-588)4043271-3</subfield>
    </datafield>
    <datafield ind1=" " ind2=" " tag="SWD">
      <subfield code="g">&#xD6;sterreich</subfield>
      <subfield code="h">Zweite Republik</subfield>
      <subfield code="9">(DE-588)4043271-3</subfield>
    </datafield>
    <datafield ind1=" " ind2=" " tag="SWD">
      <subfield code="g">Bundesstaat &#xD6;sterreich</subfield>
      <subfield code="9">(DE-588)4043271-3</subfield>
    </datafield>
    <datafield ind1=" " ind2=" " tag="SWD">
      <subfield code="g">&#xD6;sterreich</subfield>
      <subfield code="h">Erste Republik</subfield>
      <subfield code="9">(DE-588)4043271-3</subfield>
    </datafield>
    <datafield ind1=" " ind2=" " tag="SWD">
      <subfield code="g">Deutsch&#xF6;sterreich</subfield>
      <subfield code="9">(DE-588)4043271-3</subfield>
    </datafield>
    <datafield ind1=" " ind2=" " tag="SWD">
      <subfield code="g">Staat Deutsch&#xF6;sterreich</subfield>
      <subfield code="9">(DE-588)4043271-3</subfield>
    </datafield>
    <datafield ind1=" " ind2=" " tag="SWD">
      <subfield code="g">Land &#xD6;sterreich</subfield>
      <subfield code="9">(DE-588)4043271-3</subfield>
    </datafield>
    <datafield ind1=" " ind2=" " tag="SWD">
      <subfield code="g">Kaisertum &#xD6;sterreich</subfield>
      <subfield code="9">(DE-588)4043271-3</subfield>
    </datafield>
    <datafield ind1=" " ind2=" " tag="SWD">
      <subfield code="g">Kaiserthum &#xD6;sterreich</subfield>
      <subfield code="9">(DE-588)4043271-3</subfield>
    </datafield>
    <datafield ind1=" " ind2=" " tag="SWD">
      <subfield code="g">&#xD6;sterreichische Monarchie</subfield>
      <subfield code="9">(DE-588)4043271-3</subfield>
    </datafield>
    <datafield ind1=" " ind2=" " tag="SWD">
      <subfield code="g">Ostmark</subfield>
      <subfield code="h">&#xD6;sterreich</subfield>
      <subfield code="9">(DE-588)4043271-3</subfield>
    </datafield>
    <datafield ind1=" " ind2=" " tag="SWD">
      <subfield code="g">Autriche</subfield>
      <subfield code="9">(DE-588)4043271-3</subfield>
    </datafield>
    <datafield ind1=" " ind2=" " tag="SWD">
      <subfield code="g">Austrya</subfield>
      <subfield code="9">(DE-588)4043271-3</subfield>
    </datafield>
    <datafield ind1=" " ind2=" " tag="SWD">
      <subfield code="g">Austrja</subfield>
      <subfield code="9">(DE-588)4043271-3</subfield>
    </datafield>
    <datafield ind1=" " ind2=" " tag="SWD">
      <subfield code="g">Ostmark</subfield>
      <subfield code="9">(DE-588)4043271-3</subfield>
    </datafield>
    <datafield ind1=" " ind2=" " tag="SWD">
      <subfield code="9">(DE-588)1085175685</subfield>
    </datafield>
    <datafield ind1=" " ind2=" " tag="SWD">
      <subfield code="9">(DE-588)1087268060</subfield>
    </datafield>
    <datafield ind1=" " ind2=" " tag="AVA">
      <subfield code="a">AKW50</subfield>
      <subfield code="b">XAW1</subfield>
      <subfield code="c">Fortsetzungsmagazin</subfield>
      <subfield code="d">D848/MAG/1991,7,12</subfield>
      <subfield code="e">available</subfield>
      <subfield code="t">Verf&#xFC;gbar</subfield>
      <subfield code="f">1</subfield>
      <subfield code="g">0</subfield>
      <subfield code="h">Y</subfield>
      <subfield code="i">0</subfield>
      <subfield code="j">MAG3</subfield>
    </datafield>
    <datafield ind1=" " ind2=" " tag="AVA">
      <subfield code="a">AKW50</subfield>
      <subfield code="b">XAW1</subfield>
      <subfield code="c">BP Magazin (l&#xE4;ngere Aushebezeiten)</subfield>
      <subfield code="d">D30742/MAG/1980,1,12</subfield>
      <subfield code="e">available</subfield>
      <subfield code="t">Verf&#xFC;gbar</subfield>
      <subfield code="f">19</subfield>
      <subfield code="g">0</subfield>
      <subfield code="h">Y</subfield>
      <subfield code="i">0</subfield>
      <subfield code="j">MAG4</subfield>
    </datafield>
    <datafield ind1="-" ind2="2" tag="Z30">
      <subfield code="1">XAW1</subfield>
      <subfield code="2">MAG3</subfield>
      <subfield code="3">D848/MAG/1991,7,12</subfield>
      <subfield code="b">1991</subfield>
      <subfield code="c">7</subfield>
      <subfield code="h">1991, Juli/Dez.</subfield>
    </datafield>
    <datafield ind1="-" ind2="2" tag="Z30">
      <subfield code="1">XAW1</subfield>
      <subfield code="2">MAG4</subfield>
      <subfield code="3">D30742/MAG/1980,1,12</subfield>
      <subfield code="b">1980</subfield>
      <subfield code="c">1</subfield>
      <subfield code="h">1980, J&#xE4;n/Dez.</subfield>
      <subfield code="i">20090817</subfield>
    </datafield>
    <datafield ind1="-" ind2="2" tag="Z30">
      <subfield code="1">XAW1</subfield>
      <subfield code="2">MAG4</subfield>
      <subfield code="3">D30742/MAG/1981,1,12</subfield>
      <subfield code="b">1981</subfield>
      <subfield code="c">1</subfield>
      <subfield code="h">1981, J&#xE4;n/Dez.</subfield>
      <subfield code="i">20090817</subfield>
    </datafield>
    <datafield ind1="-" ind2="2" tag="Z30">
      <subfield code="1">XAW1</subfield>
      <subfield code="2">MAG4</subfield>
      <subfield code="3">D30742/MAG/1982,1,12</subfield>
      <subfield code="b">1982</subfield>
      <subfield code="c">1</subfield>
      <subfield code="h">1982, J&#xE4;n/Dez.</subfield>
      <subfield code="i">20090817</subfield>
    </datafield>
    <datafield ind1="-" ind2="2" tag="Z30">
      <subfield code="1">XAW1</subfield>
      <subfield code="2">MAG4</subfield>
      <subfield code="3">D30742/MAG/1983,1,12</subfield>
      <subfield code="b">1983</subfield>
      <subfield code="c">1</subfield>
      <subfield code="h">1983, J&#xE4;n/Dez.</subfield>
      <subfield code="i">20090817</subfield>
    </datafield>
    <datafield ind1="-" ind2="2" tag="Z30">
      <subfield code="1">XAW1</subfield>
      <subfield code="2">MAG4</subfield>
      <subfield code="3">D30742/MAG/1984,1,12</subfield>
      <subfield code="b">1984</subfield>
      <subfield code="c">1</subfield>
      <subfield code="h">1984, J&#xE4;n/Dez.</subfield>
      <subfield code="i">20090817</subfield>
    </datafield>
    <datafield ind1="-" ind2="2" tag="Z30">
      <subfield code="1">XAW1</subfield>
      <subfield code="2">MAG4</subfield>
      <subfield code="3">D30742/MAG/1985,1,12</subfield>
      <subfield code="b">1985</subfield>
      <subfield code="c">1</subfield>
      <subfield code="h">1985, J&#xE4;n./Dez.</subfield>
    </datafield>
    <datafield ind1="-" ind2="2" tag="Z30">
      <subfield code="1">XAW1</subfield>
      <subfield code="2">MAG4</subfield>
      <subfield code="3">D30742/MAG/1987,1,12</subfield>
      <subfield code="b">1987</subfield>
      <subfield code="c">1</subfield>
      <subfield code="h">1987, J&#xE4;n/Dez.</subfield>
    </datafield>
    <datafield ind1="-" ind2="2" tag="Z30">
      <subfield code="1">XAW1</subfield>
      <subfield code="2">MAG4</subfield>
      <subfield code="3">D30742/MAG/1988,1,6</subfield>
      <subfield code="b">1988</subfield>
      <subfield code="c">1</subfield>
      <subfield code="h">1988, J&#xE4;n./Juni</subfield>
    </datafield>
    <datafield ind1="-" ind2="2" tag="Z30">
      <subfield code="1">XAW1</subfield>
      <subfield code="2">MAG4</subfield>
      <subfield code="3">D30742/MAG/1988,7,12</subfield>
      <subfield code="b">1988</subfield>
      <subfield code="c">7</subfield>
      <subfield code="h">1988, Juli-Dez.</subfield>
    </datafield>
    <datafield ind1="-" ind2="2" tag="Z30">
      <subfield code="1">XAW1</subfield>
      <subfield code="2">MAG4</subfield>
      <subfield code="3">D30742/MAG/1989,1,6</subfield>
      <subfield code="b">1989</subfield>
      <subfield code="c">1</subfield>
      <subfield code="h">1989, J&#xE4;n./Juni</subfield>
    </datafield>
    <datafield ind1="-" ind2="2" tag="Z30">
      <subfield code="1">XAW1</subfield>
      <subfield code="2">MAG4</subfield>
      <subfield code="3">D30742/MAG/1989,7,12</subfield>
      <subfield code="b">1989</subfield>
      <subfield code="c">7</subfield>
      <subfield code="h">1989, Juli/Dez.</subfield>
    </datafield>
    <datafield ind1="-" ind2="2" tag="Z30">
      <subfield code="1">XAW1</subfield>
      <subfield code="2">MAG4</subfield>
      <subfield code="3">D30742/MAG/1990,1,6</subfield>
      <subfield code="b">1990</subfield>
      <subfield code="c">1</subfield>
      <subfield code="h">1990, J&#xE4;n./Juni</subfield>
    </datafield>
    <datafield ind1="-" ind2="2" tag="Z30">
      <subfield code="1">XAW1</subfield>
      <subfield code="2">MAG4</subfield>
      <subfield code="3">D30742/MAG/1990,7,12</subfield>
      <subfield code="b">1990</subfield>
      <subfield code="c">7</subfield>
      <subfield code="h">1990, Juli/Dez.</subfield>
    </datafield>
    <datafield ind1="-" ind2="2" tag="Z30">
      <subfield code="1">XAW1</subfield>
      <subfield code="2">MAG4</subfield>
      <subfield code="3">D30742/MAG/1991,1,6</subfield>
      <subfield code="b">1991</subfield>
      <subfield code="c">1</subfield>
      <subfield code="h">1991, J&#xE4;n./Juni</subfield>
    </datafield>
    <datafield ind1="-" ind2="2" tag="Z30">
      <subfield code="1">XAW1</subfield>
      <subfield code="2">MAG4</subfield>
      <subfield code="3">D30742/MAG/1992,1,6</subfield>
      <subfield code="b">1992</subfield>
      <subfield code="c">1</subfield>
      <subfield code="h">1992, J&#xE4;n./Juni</subfield>
    </datafield>
    <datafield ind1="-" ind2="2" tag="Z30">
      <subfield code="1">XAW1</subfield>
      <subfield code="2">MAG4</subfield>
      <subfield code="3">D30742/MAG/1992,7,12</subfield>
      <subfield code="b">1992</subfield>
      <subfield code="c">7</subfield>
      <subfield code="h">1992, Juli/Dez.</subfield>
    </datafield>
    <datafield ind1="-" ind2="2" tag="Z30">
      <subfield code="1">XAW1</subfield>
      <subfield code="2">MAG4</subfield>
      <subfield code="3">D30742/MAG/1993,1,12</subfield>
      <subfield code="b">1993</subfield>
      <subfield code="c">1</subfield>
      <subfield code="h">1993, J&#xE4;n/Dez.</subfield>
    </datafield>
    <datafield ind1="-" ind2="2" tag="Z30">
      <subfield code="1">XAW1</subfield>
      <subfield code="2">MAG4</subfield>
      <subfield code="3">D30742/MAG/1994,1,4</subfield>
      <subfield code="b">1994</subfield>
      <subfield code="c">1</subfield>
      <subfield code="h">1994, J&#xE4;n./Apr.</subfield>
    </datafield>
    <datafield ind1="-" ind2="2" tag="Z30">
      <subfield code="1">XAW1</subfield>
      <subfield code="2">MAG4</subfield>
      <subfield code="3">D30742/Mag/1986,1-12</subfield>
      <subfield code="b">1986</subfield>
      <subfield code="c">1</subfield>
      <subfield code="h">1986, J&#xE4;n/Dez.</subfield>
      <subfield code="i">20090817</subfield>
    </datafield>
  </record>