
  <record>
    <leader>00556nM2.01200024------h</leader>
    <controlfield tag="LDR">00556nM2.01200024------h</controlfield>
    <controlfield tag="FMT">MH</controlfield>
    <datafield ind1="-" ind2="1" tag="001">
      <subfield code="a">AC08179362</subfield>
    </datafield>
    <datafield ind1="b" ind2="1" tag="002">
      <subfield code="a">20100722</subfield>
    </datafield>
    <controlfield tag="030">u|1dkz|z|||17</controlfield>
    <datafield ind1="a" ind2="1" tag="036">
      <subfield code="a">IT</subfield>
    </datafield>
    <datafield ind1="b" ind2="1" tag="037">
      <subfield code="a">ita</subfield>
    </datafield>
    <controlfield tag="050">a|a|||||||||||</controlfield>
    <controlfield tag="051">s||||||</controlfield>
    <datafield ind1="a" ind2="1" tag="070">
      <subfield code="a">292</subfield>
    </datafield>
    <datafield ind1="s" ind2="1" tag="076">
      <subfield code="a">18</subfield>
    </datafield>
    <datafield ind1="-" ind2="1" tag="100">
      <subfield code="a">Carioti, Antonio</subfield>
    </datafield>
    <datafield ind1="-" ind2="1" tag="331">
      <subfield code="a">Di Vittorio</subfield>
    </datafield>
    <datafield ind1="-" ind2="1" tag="359">
      <subfield code="a">Antonio Carioti</subfield>
    </datafield>
    <datafield ind1="-" ind2="1" tag="410">
      <subfield code="a">Bologna</subfield>
    </datafield>
    <datafield ind1="-" ind2="1" tag="412">
      <subfield code="a">&lt;&lt;Il&gt;&gt; mulino</subfield>
    </datafield>
    <datafield ind1="a" ind2="1" tag="425">
      <subfield code="a">2004</subfield>
    </datafield>
    <datafield ind1="-" ind2="1" tag="433">
      <subfield code="a">170 S.</subfield>
    </datafield>
    <datafield ind1="-" ind2="1" tag="435">
      <subfield code="a">21 cm</subfield>
    </datafield>
    <datafield ind1="-" ind2="1" tag="451">
      <subfield code="a">&lt;&lt;L'&gt;&gt;identit&#xE0; italiana ; 38</subfield>
    </datafield>
    <datafield ind1="r" ind2="1" tag="453">
      <subfield code="a">AC02497000</subfield>
    </datafield>
    <datafield ind1="a" ind2="1" tag="540">
      <subfield code="a">88-15-09728-7</subfield>
      <subfield code="b">: 12.00 EUR</subfield>
    </datafield>
    <datafield ind1="c" ind2="1" tag="700">
      <subfield code="a">HD</subfield>
    </datafield>
    <datafield ind1="x" ind2="1" tag="700">
      <subfield code="a">331.8 Gewerkschaften, Sozialpartnerschaft, Arbeiterbewegung</subfield>
      <subfield code="c">22</subfield>
    </datafield>
    <datafield ind1="x" ind2="1" tag="700">
      <subfield code="a">945 Geschichte Italien</subfield>
      <subfield code="c">22</subfield>
    </datafield>
    <datafield ind1="b" ind2="1" tag="700">
      <subfield code="a">331</subfield>
      <subfield code="c">12</subfield>
    </datafield>
    <datafield ind1="-" ind2="1" tag="902">
      <subfield code="p">Di Vittorio, Giuseppe</subfield>
      <subfield code="d">1892-1957</subfield>
      <subfield code="9">(DE-588)118679899</subfield>
    </datafield>
    <datafield ind1="-" ind2="1" tag="902">
      <subfield code="g">Italien</subfield>
      <subfield code="9">(DE-588)4027833-5</subfield>
    </datafield>
    <datafield ind1="-" ind2="1" tag="902">
      <subfield code="s">Gewerkschaft</subfield>
      <subfield code="9">(DE-588)4020872-2</subfield>
    </datafield>
    <datafield ind1="-" ind2="1" tag="902">
      <subfield code="z">Geschichte</subfield>
    </datafield>
    <controlfield tag="SYS">000335525</controlfield>
    <datafield ind1=" " ind2=" " tag="SWD">
      <subfield code="s">Gewerkschaften</subfield>
      <subfield code="9">(DE-588)4020872-2</subfield>
    </datafield>
    <datafield ind1=" " ind2=" " tag="SWD">
      <subfield code="g">Italia</subfield>
      <subfield code="9">(DE-588)4027833-5</subfield>
    </datafield>
    <datafield ind1=" " ind2=" " tag="SWD">
      <subfield code="g">K&#xF6;nigreich Italien</subfield>
      <subfield code="9">(DE-588)4027833-5</subfield>
    </datafield>
    <datafield ind1=" " ind2=" " tag="SWD">
      <subfield code="g">Repubblica Italiana</subfield>
      <subfield code="9">(DE-588)4027833-5</subfield>
    </datafield>
    <datafield ind1=" " ind2=" " tag="SWD">
      <subfield code="g">Italiya Respublikasi</subfield>
      <subfield code="9">(DE-588)4027833-5</subfield>
    </datafield>
    <datafield ind1=" " ind2=" " tag="SWD">
      <subfield code="g">Italijos Respublika</subfield>
      <subfield code="9">(DE-588)4027833-5</subfield>
    </datafield>
    <datafield ind1=" " ind2=" " tag="SWD">
      <subfield code="g">Olaszorsza&#x1F5;</subfield>
      <subfield code="9">(DE-588)4027833-5</subfield>
    </datafield>
    <datafield ind1=" " ind2=" " tag="SWD">
      <subfield code="g">Olasz Koz&#x34F;&#x308;ta&#x155;sasa&#x1F5;</subfield>
      <subfield code="9">(DE-588)4027833-5</subfield>
    </datafield>
    <datafield ind1=" " ind2=" " tag="SWD">
      <subfield code="g">Regno d'Italia</subfield>
      <subfield code="h">1861-</subfield>
      <subfield code="9">(DE-588)4027833-5</subfield>
    </datafield>
    <datafield ind1=" " ind2=" " tag="SWD">
      <subfield code="g">Italienische Republik</subfield>
      <subfield code="9">(DE-588)4027833-5</subfield>
    </datafield>
    <datafield ind1=" " ind2=" " tag="SWD">
      <subfield code="g">R&#xE9;publique Italienne</subfield>
      <subfield code="9">(DE-588)4027833-5</subfield>
    </datafield>
    <datafield ind1=" " ind2=" " tag="SWD">
      <subfield code="g">Yidali-gongheguo</subfield>
      <subfield code="9">(DE-588)4027833-5</subfield>
    </datafield>
    <datafield ind1=" " ind2=" " tag="SWD">
      <subfield code="g">Italy</subfield>
      <subfield code="9">(DE-588)4027833-5</subfield>
    </datafield>
    <datafield ind1=" " ind2=" " tag="SWD">
      <subfield code="9">(DE-588)2016493-2</subfield>
    </datafield>
    <datafield ind1=" " ind2=" " tag="SWD">
      <subfield code="g">Italia</subfield>
      <subfield code="9">(DE-588)4027833-5</subfield>
    </datafield>
    <datafield ind1=" " ind2=" " tag="SWD">
      <subfield code="g">K&#xF6;nigreich Italien</subfield>
      <subfield code="9">(DE-588)4027833-5</subfield>
    </datafield>
    <datafield ind1=" " ind2=" " tag="SWD">
      <subfield code="g">Repubblica Italiana</subfield>
      <subfield code="9">(DE-588)4027833-5</subfield>
    </datafield>
    <datafield ind1=" " ind2=" " tag="SWD">
      <subfield code="g">Italiya Respublikasi</subfield>
      <subfield code="9">(DE-588)4027833-5</subfield>
    </datafield>
    <datafield ind1=" " ind2=" " tag="SWD">
      <subfield code="g">Italijos Respublika</subfield>
      <subfield code="9">(DE-588)4027833-5</subfield>
    </datafield>
    <datafield ind1=" " ind2=" " tag="SWD">
      <subfield code="g">Olaszorsza&#x1F5;</subfield>
      <subfield code="9">(DE-588)4027833-5</subfield>
    </datafield>
    <datafield ind1=" " ind2=" " tag="SWD">
      <subfield code="g">Olasz Koz&#x34F;&#x308;ta&#x155;sasa&#x1F5;</subfield>
      <subfield code="9">(DE-588)4027833-5</subfield>
    </datafield>
    <datafield ind1=" " ind2=" " tag="SWD">
      <subfield code="g">Regno d'Italia</subfield>
      <subfield code="h">1861-</subfield>
      <subfield code="9">(DE-588)4027833-5</subfield>
    </datafield>
    <datafield ind1=" " ind2=" " tag="SWD">
      <subfield code="g">Italienische Republik</subfield>
      <subfield code="9">(DE-588)4027833-5</subfield>
    </datafield>
    <datafield ind1=" " ind2=" " tag="SWD">
      <subfield code="g">R&#xE9;publique Italienne</subfield>
      <subfield code="9">(DE-588)4027833-5</subfield>
    </datafield>
    <datafield ind1=" " ind2=" " tag="SWD">
      <subfield code="g">Yidali-gongheguo</subfield>
      <subfield code="9">(DE-588)4027833-5</subfield>
    </datafield>
    <datafield ind1=" " ind2=" " tag="SWD">
      <subfield code="g">Italy</subfield>
      <subfield code="9">(DE-588)4027833-5</subfield>
    </datafield>
    <datafield ind1=" " ind2=" " tag="SWD">
      <subfield code="9">(DE-588)2016493-2</subfield>
    </datafield>
    <datafield ind1=" " ind2=" " tag="SWD">
      <subfield code="s">Gewerkschaften</subfield>
      <subfield code="9">(DE-588)4020872-2</subfield>
    </datafield>
    <datafield ind1=" " ind2=" " tag="SWD">
      <subfield code="p">Vittorio, Giuseppe &lt;&lt;di&gt;&gt;</subfield>
      <subfield code="d">1892-1957</subfield>
      <subfield code="9">(DE-588)118679899</subfield>
    </datafield>
    <datafield ind1=" " ind2=" " tag="SWD">
      <subfield code="p">DiVittorio, Giuseppe</subfield>
      <subfield code="d">1892-1957</subfield>
      <subfield code="9">(DE-588)118679899</subfield>
    </datafield>
    <datafield ind1=" " ind2=" " tag="SWD">
      <subfield code="p">Vittorio, Giuseppe &lt;&lt;di&gt;&gt;</subfield>
      <subfield code="d">1892-1957</subfield>
      <subfield code="9">(DE-588)118679899</subfield>
    </datafield>
    <datafield ind1=" " ind2=" " tag="SWD">
      <subfield code="p">DiVittorio, Giuseppe</subfield>
      <subfield code="d">1892-1957</subfield>
      <subfield code="9">(DE-588)118679899</subfield>
    </datafield>
    <datafield ind1=" " ind2=" " tag="AVA">
      <subfield code="a">AKW50</subfield>
      <subfield code="b">XAW1</subfield>
      <subfield code="c">Magazin 1</subfield>
      <subfield code="d">B136948</subfield>
      <subfield code="e">available</subfield>
      <subfield code="t">Verf&#xFC;gbar</subfield>
      <subfield code="f">1</subfield>
      <subfield code="g">0</subfield>
      <subfield code="h">N</subfield>
      <subfield code="i">0</subfield>
      <subfield code="j">MAG1</subfield>
    </datafield>
    <datafield ind1="-" ind2="1" tag="Z30">
      <subfield code="1">XAW1</subfield>
      <subfield code="2">MAG1</subfield>
      <subfield code="3">B136948</subfield>
      <subfield code="g">29521</subfield>
    </datafield>
  </record>