
  <record>
    <leader>00935nM2.01200024------h</leader>
    <controlfield tag="LDR">00935nM2.01200024------h</controlfield>
    <controlfield tag="FMT">MH</controlfield>
    <datafield ind1="-" ind2="1" tag="001">
      <subfield code="a">AC08548534</subfield>
    </datafield>
    <controlfield tag="030">z|1dz||z|||37</controlfield>
    <datafield ind1="a" ind2="1" tag="036">
      <subfield code="a">GB</subfield>
    </datafield>
    <datafield ind1="b" ind2="1" tag="037">
      <subfield code="a">eng</subfield>
    </datafield>
    <controlfield tag="050">a|a|||||||||||</controlfield>
    <controlfield tag="051">m|||z|||</controlfield>
    <datafield ind1="a" ind2="1" tag="070">
      <subfield code="a">DNB</subfield>
    </datafield>
    <datafield ind1="s" ind2="1" tag="076">
      <subfield code="a">10</subfield>
    </datafield>
    <datafield ind1="b" ind2="1" tag="100">
      <subfield code="a">Panitch, Leo</subfield>
      <subfield code="b">[Hrsg.]</subfield>
    </datafield>
    <datafield ind1="-" ind2="1" tag="331">
      <subfield code="a">&lt;&lt;The&gt;&gt; crisis this time</subfield>
    </datafield>
    <datafield ind1="-" ind2="1" tag="359">
      <subfield code="a">ed. by Leo Panitch ...</subfield>
    </datafield>
    <datafield ind1="-" ind2="1" tag="410">
      <subfield code="a">Pontypool</subfield>
    </datafield>
    <datafield ind1="-" ind2="1" tag="412">
      <subfield code="a">Merlin</subfield>
    </datafield>
    <datafield ind1="a" ind2="1" tag="425">
      <subfield code="a">2010</subfield>
    </datafield>
    <datafield ind1="-" ind2="1" tag="433">
      <subfield code="a">XI, 323 S.</subfield>
    </datafield>
    <datafield ind1="-" ind2="1" tag="434">
      <subfield code="a">Ill.</subfield>
    </datafield>
    <datafield ind1="-" ind2="1" tag="435">
      <subfield code="a">25 cm</subfield>
    </datafield>
    <datafield ind1="-" ind2="1" tag="451">
      <subfield code="a">Social register ; 2011</subfield>
    </datafield>
    <datafield ind1="r" ind2="1" tag="453">
      <subfield code="a">AC00470658</subfield>
    </datafield>
    <datafield ind1="c" ind2="1" tag="454">
      <subfield code="a">Social register</subfield>
    </datafield>
    <datafield ind1="-" ind2="1" tag="455">
      <subfield code="a">2011</subfield>
    </datafield>
    <datafield ind1="-" ind2="1" tag="456">
      <subfield code="a">2011</subfield>
    </datafield>
    <datafield ind1="i" ind2="1" tag="456">
      <subfield code="a">2011</subfield>
    </datafield>
    <datafield ind1="a" ind2="1" tag="540">
      <subfield code="a">978-0-85036-709-6</subfield>
      <subfield code="b">(Merlin Press : hbk.) &#xA3;50.00</subfield>
    </datafield>
    <datafield ind1="e" ind2="1" tag="655">
      <subfield code="m">V:AT-OBV;B:AT-OeNB</subfield>
      <subfield code="q">application/pdf</subfield>
      <subfield code="u">http://media.obvsg.at/AC07958876-1003</subfield>
      <subfield code="x">ONB-IV</subfield>
      <subfield code="3">Inhaltsverzeichnis</subfield>
      <subfield code="A">2</subfield>
    </datafield>
    <datafield ind1="x" ind2="1" tag="700">
      <subfield code="a">338 Produktion, Wirtschaftsentwicklung, Wirtschaftspolitik</subfield>
      <subfield code="c">22</subfield>
    </datafield>
    <datafield ind1="f" ind2="1" tag="700">
      <subfield code="a">89.70</subfield>
      <subfield code="b">Internationale Beziehungen: Allgemeines</subfield>
      <subfield code="z">Automatisch aus GBV_2011-10 2012-06-29</subfield>
    </datafield>
    <datafield ind1="f" ind2="1" tag="700">
      <subfield code="a">89.12</subfield>
      <subfield code="b">Liberalismus</subfield>
      <subfield code="z">Automatisch aus GBV_2011-10 2012-06-29</subfield>
    </datafield>
    <datafield ind1="-" ind2="1" tag="902">
      <subfield code="s">Kapitalismus</subfield>
      <subfield code="9">(DE-588)4029577-1</subfield>
    </datafield>
    <datafield ind1="-" ind2="1" tag="902">
      <subfield code="s">Neoliberalismus</subfield>
      <subfield code="9">(DE-588)4171438-6</subfield>
    </datafield>
    <datafield ind1="-" ind2="1" tag="902">
      <subfield code="s">Weltwirtschaftskrise</subfield>
      <subfield code="9">(DE-588)4065471-0</subfield>
    </datafield>
    <datafield ind1="-" ind2="1" tag="902">
      <subfield code="s">Finanzkrise</subfield>
      <subfield code="9">(DE-588)7635855-0</subfield>
    </datafield>
    <datafield ind1="-" ind2="1" tag="902">
      <subfield code="z">Geschichte 2008-2009</subfield>
    </datafield>
    <datafield ind1="-" ind2="1" tag="902">
      <subfield code="f">Aufsatzsammlung</subfield>
    </datafield>
    <controlfield tag="SYS">000342152</controlfield>
    <datafield ind1=" " ind2=" " tag="SWD">
      <subfield code="s">Weltwirtschaft</subfield>
      <subfield code="x">Krise</subfield>
      <subfield code="9">(DE-588)4065471-0</subfield>
    </datafield>
    <datafield ind1=" " ind2=" " tag="SWD">
      <subfield code="s">Weltwirtschaft</subfield>
      <subfield code="x">Wirtschaftskrise</subfield>
      <subfield code="9">(DE-588)4065471-0</subfield>
    </datafield>
    <datafield ind1=" " ind2=" " tag="SWD">
      <subfield code="s">Kapitalistische Gesellschaft</subfield>
      <subfield code="9">(DE-588)4029577-1</subfield>
    </datafield>
    <datafield ind1=" " ind2=" " tag="SWD">
      <subfield code="s">Kapitalistische Wirtschaft</subfield>
      <subfield code="9">(DE-588)4029577-1</subfield>
    </datafield>
    <datafield ind1=" " ind2=" " tag="SWD">
      <subfield code="s">Kapitalistisches Gesellschaftssystem</subfield>
      <subfield code="9">(DE-588)4029577-1</subfield>
    </datafield>
    <datafield ind1=" " ind2=" " tag="SWD">
      <subfield code="s">Kapitalistisches Wirtschaftssystem</subfield>
      <subfield code="9">(DE-588)4029577-1</subfield>
    </datafield>
    <datafield ind1=" " ind2=" " tag="SWD">
      <subfield code="s">Finanzmarktkrise</subfield>
      <subfield code="9">(DE-588)7635855-0</subfield>
    </datafield>
    <datafield ind1=" " ind2=" " tag="SWD">
      <subfield code="s">Finanzmarkt</subfield>
      <subfield code="x">Krise</subfield>
      <subfield code="9">(DE-588)7635855-0</subfield>
    </datafield>
    <datafield ind1=" " ind2=" " tag="SWD">
      <subfield code="s">Kreditmarktkrise</subfield>
      <subfield code="9">(DE-588)7635855-0</subfield>
    </datafield>
    <datafield ind1=" " ind2=" " tag="SWD">
      <subfield code="s">Kreditwesen</subfield>
      <subfield code="x">Krise</subfield>
      <subfield code="9">(DE-588)7635855-0</subfield>
    </datafield>
    <datafield ind1=" " ind2=" " tag="SWD">
      <subfield code="s">Finanzmarktkrise</subfield>
      <subfield code="9">(DE-588)7635855-0</subfield>
    </datafield>
    <datafield ind1=" " ind2=" " tag="SWD">
      <subfield code="s">Finanzmarkt</subfield>
      <subfield code="x">Krise</subfield>
      <subfield code="9">(DE-588)7635855-0</subfield>
    </datafield>
    <datafield ind1=" " ind2=" " tag="SWD">
      <subfield code="s">Kreditmarktkrise</subfield>
      <subfield code="9">(DE-588)7635855-0</subfield>
    </datafield>
    <datafield ind1=" " ind2=" " tag="SWD">
      <subfield code="s">Kreditwesen</subfield>
      <subfield code="x">Krise</subfield>
      <subfield code="9">(DE-588)7635855-0</subfield>
    </datafield>
    <datafield ind1=" " ind2=" " tag="SWD">
      <subfield code="s">Kapitalistische Gesellschaft</subfield>
      <subfield code="9">(DE-588)4029577-1</subfield>
    </datafield>
    <datafield ind1=" " ind2=" " tag="SWD">
      <subfield code="s">Kapitalistische Wirtschaft</subfield>
      <subfield code="9">(DE-588)4029577-1</subfield>
    </datafield>
    <datafield ind1=" " ind2=" " tag="SWD">
      <subfield code="s">Kapitalistisches Gesellschaftssystem</subfield>
      <subfield code="9">(DE-588)4029577-1</subfield>
    </datafield>
    <datafield ind1=" " ind2=" " tag="SWD">
      <subfield code="s">Kapitalistisches Wirtschaftssystem</subfield>
      <subfield code="9">(DE-588)4029577-1</subfield>
    </datafield>
    <datafield ind1=" " ind2=" " tag="SWD">
      <subfield code="s">Weltwirtschaft</subfield>
      <subfield code="x">Krise</subfield>
      <subfield code="9">(DE-588)4065471-0</subfield>
    </datafield>
    <datafield ind1=" " ind2=" " tag="SWD">
      <subfield code="s">Weltwirtschaft</subfield>
      <subfield code="x">Wirtschaftskrise</subfield>
      <subfield code="9">(DE-588)4065471-0</subfield>
    </datafield>
    <datafield ind1=" " ind2=" " tag="BKL">
      <subfield code="a">Internationale Beziehungen: Allgemeines</subfield>
    </datafield>
    <datafield ind1=" " ind2=" " tag="BKL">
      <subfield code="a">political science: international relations: general</subfield>
    </datafield>
    <datafield ind1=" " ind2=" " tag="BKL">
      <subfield code="a">Liberalismus</subfield>
    </datafield>
    <datafield ind1=" " ind2=" " tag="BKL">
      <subfield code="a">political science: political ideologies: liberalism</subfield>
    </datafield>
    <datafield ind1=" " ind2=" " tag="BKL">
      <subfield code="a">liberalism &lt;political science: political ideologies&gt;</subfield>
    </datafield>
    <datafield ind1=" " ind2=" " tag="BKL">
      <subfield code="a">Neoliberalismus</subfield>
    </datafield>
    <datafield ind1=" " ind2=" " tag="AVA">
      <subfield code="a">AKW50</subfield>
      <subfield code="b">XAW1</subfield>
      <subfield code="c">Fortsetzungsmagazin</subfield>
      <subfield code="d">B43158/2011</subfield>
      <subfield code="e">available</subfield>
      <subfield code="t">Verf&#xFC;gbar</subfield>
      <subfield code="f">1</subfield>
      <subfield code="g">0</subfield>
      <subfield code="h">Y</subfield>
      <subfield code="i">0</subfield>
      <subfield code="j">MAG3</subfield>
    </datafield>
    <datafield ind1="-" ind2="2" tag="Z30">
      <subfield code="1">XAW1</subfield>
      <subfield code="2">MAG3</subfield>
      <subfield code="3">B43158/2011</subfield>
      <subfield code="b">2011</subfield>
      <subfield code="g">14508</subfield>
      <subfield code="h">2011</subfield>
    </datafield>
  </record>