
  <record>
    <leader>00655pM2.01200024------h</leader>
    <controlfield tag="LDR">00655pM2.01200024------h</controlfield>
    <controlfield tag="FMT">MH</controlfield>
    <datafield ind1="-" ind2="1" tag="001">
      <subfield code="a">AC08830711</subfield>
    </datafield>
    <datafield ind1="b" ind2="1" tag="002">
      <subfield code="a">20111128</subfield>
    </datafield>
    <datafield ind1="a" ind2="1" tag="025">
      <subfield code="a">1013996216</subfield>
    </datafield>
    <controlfield tag="030">u|1daz|z|||37</controlfield>
    <datafield ind1="a" ind2="1" tag="036">
      <subfield code="a">GB</subfield>
    </datafield>
    <datafield ind1="b" ind2="1" tag="037">
      <subfield code="a">eng</subfield>
    </datafield>
    <controlfield tag="050">a|a|||||||||||</controlfield>
    <controlfield tag="051">s|||z|||</controlfield>
    <datafield ind1="a" ind2="1" tag="070">
      <subfield code="a">DNB</subfield>
    </datafield>
    <datafield ind1="s" ind2="1" tag="076">
      <subfield code="a">09</subfield>
    </datafield>
    <datafield ind1="b" ind2="1" tag="100">
      <subfield code="p">Panitch, Leo</subfield>
      <subfield code="d">1945-</subfield>
      <subfield code="9">(DE-588)129372730</subfield>
      <subfield code="b">[Hrsg.]</subfield>
    </datafield>
    <datafield ind1="-" ind2="1" tag="331">
      <subfield code="a">&lt;&lt;The&gt;&gt; crisis and the left</subfield>
    </datafield>
    <datafield ind1="-" ind2="1" tag="359">
      <subfield code="a">ed. by Leo Panitch ...</subfield>
    </datafield>
    <datafield ind1="-" ind2="1" tag="410">
      <subfield code="a">Pontypool [u.a.]</subfield>
    </datafield>
    <datafield ind1="-" ind2="1" tag="412">
      <subfield code="a">&lt;&lt;The&gt;&gt; Merlin Press [u.a.]</subfield>
    </datafield>
    <datafield ind1="a" ind2="1" tag="425">
      <subfield code="a">2011</subfield>
    </datafield>
    <datafield ind1="-" ind2="1" tag="433">
      <subfield code="a">306 S.</subfield>
    </datafield>
    <datafield ind1="-" ind2="1" tag="434">
      <subfield code="a">graph. Darst.</subfield>
    </datafield>
    <datafield ind1="-" ind2="1" tag="451">
      <subfield code="a">Socialist Register ; 2012</subfield>
    </datafield>
    <datafield ind1="r" ind2="1" tag="453">
      <subfield code="a">AC00470658</subfield>
    </datafield>
    <datafield ind1="c" ind2="1" tag="454">
      <subfield code="a">Socialist Register</subfield>
    </datafield>
    <datafield ind1="-" ind2="1" tag="455">
      <subfield code="a">2012</subfield>
    </datafield>
    <datafield ind1="i" ind2="1" tag="456">
      <subfield code="a">2012</subfield>
    </datafield>
    <datafield ind1="-" ind2="1" tag="456">
      <subfield code="a">2012</subfield>
    </datafield>
    <datafield ind1="a" ind2="1" tag="540">
      <subfield code="a">978-0-85036-682-2</subfield>
      <subfield code="b">(Merlin Press; pbk.)</subfield>
    </datafield>
    <datafield ind1="a" ind2="1" tag="540">
      <subfield code="a">978-0-85036-681-5</subfield>
      <subfield code="b">(Merlin Press; hbk.)</subfield>
    </datafield>
    <datafield ind1="a" ind2="1" tag="540">
      <subfield code="a">978-1-58367-253-2</subfield>
      <subfield code="b">(Monthly Review Press; pbk.)</subfield>
    </datafield>
    <datafield ind1="a" ind2="1" tag="540">
      <subfield code="a">978-1-55266-453-7</subfield>
      <subfield code="b">(Fernwood Publ.; pbk.)</subfield>
    </datafield>
    <datafield ind1="a" ind2="1" tag="551">
      <subfield code="a">Best.-Nr.: 4998</subfield>
    </datafield>
    <datafield ind1="a" ind2="1" tag="553">
      <subfield code="a">9783899659986</subfield>
    </datafield>
    <datafield ind1="e" ind2="1" tag="655">
      <subfield code="m">X:MVB</subfield>
      <subfield code="q">text/html</subfield>
      <subfield code="u">http://deposit.d-nb.de/cgi-bin/dokserv?id=3862689&amp;prov=M&amp;dok_var=1&amp;dok_ext=htm</subfield>
      <subfield code="3">Inhaltstext</subfield>
      <subfield code="A">2</subfield>
    </datafield>
    <datafield ind1="x" ind2="1" tag="700">
      <subfield code="a">338 Produktion, Wirtschaftsentwicklung, Wirtschaftspolitik</subfield>
      <subfield code="c">22</subfield>
    </datafield>
    <datafield ind1="u" ind2="1" tag="740">
      <subfield code="a">Paperback / softback</subfield>
    </datafield>
    <datafield ind1="-" ind2="1" tag="902">
      <subfield code="s">Weltwirtschaftskrise</subfield>
      <subfield code="9">(DE-588)4065471-0</subfield>
    </datafield>
    <datafield ind1="-" ind2="1" tag="902">
      <subfield code="s">Finanzkrise</subfield>
      <subfield code="9">(DE-588)7635855-0</subfield>
    </datafield>
    <datafield ind1="-" ind2="1" tag="902">
      <subfield code="s">&lt;&lt;Die&gt;&gt; Linke</subfield>
      <subfield code="9">(DE-588)4035854-9</subfield>
    </datafield>
    <datafield ind1="-" ind2="1" tag="902">
      <subfield code="z">Geschichte 2008-2009</subfield>
    </datafield>
    <datafield ind1="-" ind2="1" tag="902">
      <subfield code="f">Aufsatzsammlung</subfield>
    </datafield>
    <controlfield tag="SYS">000345336</controlfield>
    <datafield ind1=" " ind2=" " tag="SWD">
      <subfield code="s">Weltwirtschaft</subfield>
      <subfield code="x">Krise</subfield>
      <subfield code="9">(DE-588)4065471-0</subfield>
    </datafield>
    <datafield ind1=" " ind2=" " tag="SWD">
      <subfield code="s">Weltwirtschaft</subfield>
      <subfield code="x">Wirtschaftskrise</subfield>
      <subfield code="9">(DE-588)4065471-0</subfield>
    </datafield>
    <datafield ind1=" " ind2=" " tag="SWD">
      <subfield code="s">Finanzmarktkrise</subfield>
      <subfield code="9">(DE-588)7635855-0</subfield>
    </datafield>
    <datafield ind1=" " ind2=" " tag="SWD">
      <subfield code="s">Finanzmarkt</subfield>
      <subfield code="x">Krise</subfield>
      <subfield code="9">(DE-588)7635855-0</subfield>
    </datafield>
    <datafield ind1=" " ind2=" " tag="SWD">
      <subfield code="s">Kreditmarktkrise</subfield>
      <subfield code="9">(DE-588)7635855-0</subfield>
    </datafield>
    <datafield ind1=" " ind2=" " tag="SWD">
      <subfield code="s">Kreditwesen</subfield>
      <subfield code="x">Krise</subfield>
      <subfield code="9">(DE-588)7635855-0</subfield>
    </datafield>
    <datafield ind1=" " ind2=" " tag="SWD">
      <subfield code="s">Finanzmarktkrise</subfield>
      <subfield code="9">(DE-588)7635855-0</subfield>
    </datafield>
    <datafield ind1=" " ind2=" " tag="SWD">
      <subfield code="s">Finanzmarkt</subfield>
      <subfield code="x">Krise</subfield>
      <subfield code="9">(DE-588)7635855-0</subfield>
    </datafield>
    <datafield ind1=" " ind2=" " tag="SWD">
      <subfield code="s">Kreditmarktkrise</subfield>
      <subfield code="9">(DE-588)7635855-0</subfield>
    </datafield>
    <datafield ind1=" " ind2=" " tag="SWD">
      <subfield code="s">Kreditwesen</subfield>
      <subfield code="x">Krise</subfield>
      <subfield code="9">(DE-588)7635855-0</subfield>
    </datafield>
    <datafield ind1=" " ind2=" " tag="SWD">
      <subfield code="s">Weltwirtschaft</subfield>
      <subfield code="x">Krise</subfield>
      <subfield code="9">(DE-588)4065471-0</subfield>
    </datafield>
    <datafield ind1=" " ind2=" " tag="SWD">
      <subfield code="s">Weltwirtschaft</subfield>
      <subfield code="x">Wirtschaftskrise</subfield>
      <subfield code="9">(DE-588)4065471-0</subfield>
    </datafield>
    <datafield ind1=" " ind2=" " tag="PER">
      <subfield code="p">Panitch, Leo V.</subfield>
      <subfield code="d">1945-</subfield>
      <subfield code="9">(DE-588)129372730</subfield>
    </datafield>
    <datafield ind1=" " ind2=" " tag="PER">
      <subfield code="p">Panitch, Leo V.</subfield>
      <subfield code="d">1945-</subfield>
      <subfield code="9">(DE-588)129372730</subfield>
    </datafield>
    <datafield ind1=" " ind2=" " tag="AVA">
      <subfield code="a">AKW50</subfield>
      <subfield code="b">XAW1</subfield>
      <subfield code="c">Fortsetzungsmagazin</subfield>
      <subfield code="d">B43158/2012</subfield>
      <subfield code="e">available</subfield>
      <subfield code="t">Verf&#xFC;gbar</subfield>
      <subfield code="f">1</subfield>
      <subfield code="g">0</subfield>
      <subfield code="h">Y</subfield>
      <subfield code="i">0</subfield>
      <subfield code="j">MAG3</subfield>
    </datafield>
    <datafield ind1="-" ind2="2" tag="Z30">
      <subfield code="1">XAW1</subfield>
      <subfield code="2">MAG3</subfield>
      <subfield code="3">B43158/2012</subfield>
      <subfield code="b">2012</subfield>
      <subfield code="g">14508</subfield>
      <subfield code="h">2012</subfield>
    </datafield>
  </record>