
  <record>
    <leader>00902pM2.01200024------h</leader>
    <controlfield tag="LDR">00902pM2.01200024------h</controlfield>
    <controlfield tag="FMT">MH</controlfield>
    <datafield ind1="-" ind2="1" tag="001">
      <subfield code="a">AC08526032</subfield>
    </datafield>
    <datafield ind1="b" ind2="1" tag="002">
      <subfield code="a">20110519</subfield>
    </datafield>
    <datafield ind1="-" ind2="1" tag="003">
      <subfield code="a">20130917</subfield>
    </datafield>
    <datafield ind1="a" ind2="1" tag="020">
      <subfield code="a">1008814067</subfield>
      <subfield code="b">DNB</subfield>
    </datafield>
    <datafield ind1="a" ind2="1" tag="025">
      <subfield code="a">1008814067</subfield>
    </datafield>
    <datafield ind1="-" ind2="1" tag="026">
      <subfield code="a">DNB1008814067</subfield>
    </datafield>
    <controlfield tag="030">a|1ucr|z|||37</controlfield>
    <datafield ind1="a" ind2="1" tag="036">
      <subfield code="a">AT</subfield>
    </datafield>
    <datafield ind1="b" ind2="1" tag="037">
      <subfield code="a">ger</subfield>
    </datafield>
    <controlfield tag="050">a|a|||||||||||</controlfield>
    <controlfield tag="051">sk||z|||</controlfield>
    <datafield ind1="-" ind2="1" tag="070">
      <subfield code="a">FHK</subfield>
    </datafield>
    <datafield ind1="a" ind2="1" tag="070">
      <subfield code="a">DNB</subfield>
    </datafield>
    <datafield ind1="b" ind2="1" tag="070">
      <subfield code="a">ONB</subfield>
    </datafield>
    <datafield ind1="s" ind2="1" tag="076">
      <subfield code="a">12</subfield>
    </datafield>
    <datafield ind1="b" ind2="1" tag="100">
      <subfield code="p">Feigl, Georg</subfield>
      <subfield code="d">1981-</subfield>
      <subfield code="9">(DE-588)124042759</subfield>
      <subfield code="b">[Hrsg.]</subfield>
    </datafield>
    <datafield ind1="-" ind2="1" tag="331">
      <subfield code="a">Alternative Strategien der Budgetkonsolidierung in &#xD6;sterreich nach der Rezession</subfield>
    </datafield>
    <datafield ind1="-" ind2="1" tag="335">
      <subfield code="a">Tagung der Kammer f&#xFC;r Arbeiter und Angestellte f&#xFC;r Wien</subfield>
    </datafield>
    <datafield ind1="-" ind2="1" tag="359">
      <subfield code="a">Georg Feigl ; Achim Truger (Hrsg.)</subfield>
    </datafield>
    <datafield ind1="-" ind2="1" tag="410">
      <subfield code="a">Wien</subfield>
    </datafield>
    <datafield ind1="-" ind2="1" tag="412">
      <subfield code="a">LexisNexis-Verl. ARD Orac</subfield>
    </datafield>
    <datafield ind1="a" ind2="1" tag="425">
      <subfield code="a">2010</subfield>
    </datafield>
    <datafield ind1="-" ind2="1" tag="433">
      <subfield code="a">107 S.</subfield>
    </datafield>
    <datafield ind1="-" ind2="1" tag="434">
      <subfield code="a">graph. Darst.</subfield>
    </datafield>
    <datafield ind1="-" ind2="1" tag="435">
      <subfield code="a">24 cm</subfield>
    </datafield>
    <datafield ind1="-" ind2="1" tag="451">
      <subfield code="a">Reihe Wirtschaftswissenschaftliche Tagungen der Arbeiterkammer Wien ; 16</subfield>
    </datafield>
    <datafield ind1="r" ind2="1" tag="453">
      <subfield code="a">AC00766881</subfield>
    </datafield>
    <datafield ind1="b" ind2="1" tag="454">
      <subfield code="a">Kammer f&#xFC;r Arbeiter und Angestellte f&#xFC;r Wien: Reihe Wirtschaftswissenschaftliche Tagungen der Arbeiterkammer Wien</subfield>
    </datafield>
    <datafield ind1="-" ind2="1" tag="455">
      <subfield code="a">16</subfield>
    </datafield>
    <datafield ind1="-" ind2="1" tag="456">
      <subfield code="a">16</subfield>
    </datafield>
    <datafield ind1="-" ind2="1" tag="517">
      <subfield code="a">Literaturangaben</subfield>
    </datafield>
    <datafield ind1="a" ind2="1" tag="540">
      <subfield code="a">978-3-7007-4803-8</subfield>
      <subfield code="b">kart. : EUR 16,00 ; EUR 15,60 (DE) ; CHF 28,00</subfield>
    </datafield>
    <datafield ind1="a" ind2="1" tag="553">
      <subfield code="a">9783700748038</subfield>
    </datafield>
    <datafield ind1="-" ind2="1" tag="580">
      <subfield code="a">OeB2013,A,18 330,350</subfield>
    </datafield>
    <datafield ind1="e" ind2="1" tag="655">
      <subfield code="m">X:MVB</subfield>
      <subfield code="q">text/html</subfield>
      <subfield code="u">http://deposit.d-nb.de/cgi-bin/dokserv?id=3625707&amp;prov=M&amp;dok_var=1&amp;dok_ext=htm</subfield>
      <subfield code="3">Inhaltstext</subfield>
      <subfield code="A">2</subfield>
    </datafield>
    <datafield ind1="e" ind2="1" tag="655">
      <subfield code="m">V:AT-OBV;B:AT-UBWW</subfield>
      <subfield code="q">application/pdf</subfield>
      <subfield code="u">http://media.obvsg.at/AC08526032-1001</subfield>
      <subfield code="x">WUW</subfield>
      <subfield code="3">Inhaltsverzeichnis</subfield>
      <subfield code="A">2</subfield>
    </datafield>
    <datafield ind1="x" ind2="1" tag="700">
      <subfield code="a">336 &#xD6;ffentliche Finanzen, Finanzpolitik, Steuerpolitik</subfield>
      <subfield code="c">22</subfield>
    </datafield>
    <datafield ind1="-" ind2="1" tag="700">
      <subfield code="a">650</subfield>
      <subfield code="a">DNB</subfield>
    </datafield>
    <datafield ind1="b" ind2="1" tag="700">
      <subfield code="a">336.309436</subfield>
      <subfield code="c">22ger</subfield>
      <subfield code="z">DNB</subfield>
    </datafield>
    <datafield ind1="f" ind2="1" tag="700">
      <subfield code="a">83.52</subfield>
      <subfield code="b">Finanzwissenschaft</subfield>
    </datafield>
    <datafield ind1="g" ind2="1" tag="700">
      <subfield code="a">QL 010</subfield>
    </datafield>
    <datafield ind1="g" ind2="1" tag="700">
      <subfield code="a">QL 423</subfield>
    </datafield>
    <datafield ind1="a" ind2="1" tag="705">
      <subfield code="a">336.309436</subfield>
      <subfield code="c">336.3</subfield>
      <subfield code="e">DDC22ger</subfield>
      <subfield code="g">436</subfield>
    </datafield>
    <datafield ind1="-" ind2="1" tag="902">
      <subfield code="g">&#xD6;sterreich</subfield>
      <subfield code="9">(DE-588)4043271-3</subfield>
    </datafield>
    <datafield ind1="-" ind2="1" tag="902">
      <subfield code="s">&#xD6;ffentlicher Haushalt</subfield>
      <subfield code="9">(DE-588)4043173-3</subfield>
    </datafield>
    <datafield ind1="-" ind2="1" tag="902">
      <subfield code="s">Konsolidierung</subfield>
      <subfield code="9">(DE-588)4114287-1</subfield>
    </datafield>
    <controlfield tag="SYS">000345407</controlfield>
    <datafield ind1=" " ind2=" " tag="SWD">
      <subfield code="9">(DE-588)35878-2</subfield>
    </datafield>
    <datafield ind1=" " ind2=" " tag="SWD">
      <subfield code="g">&lt;&lt;Die&gt;&gt; im Reichsrat vertretenen K&#xF6;nigreiche und L&#xE4;nder</subfield>
      <subfield code="h">&#xD6;sterreich</subfield>
      <subfield code="9">(DE-588)4043271-3</subfield>
    </datafield>
    <datafield ind1=" " ind2=" " tag="SWD">
      <subfield code="g">Zisleithanien</subfield>
      <subfield code="9">(DE-588)4043271-3</subfield>
    </datafield>
    <datafield ind1=" " ind2=" " tag="SWD">
      <subfield code="g">Cisleithanien</subfield>
      <subfield code="9">(DE-588)4043271-3</subfield>
    </datafield>
    <datafield ind1=" " ind2=" " tag="SWD">
      <subfield code="g">Habsburgermonarchie</subfield>
      <subfield code="9">(DE-588)4043271-3</subfield>
    </datafield>
    <datafield ind1=" " ind2=" " tag="SWD">
      <subfield code="g">Habsburgerreich</subfield>
      <subfield code="9">(DE-588)4043271-3</subfield>
    </datafield>
    <datafield ind1=" " ind2=" " tag="SWD">
      <subfield code="g">Austria</subfield>
      <subfield code="9">(DE-588)4043271-3</subfield>
    </datafield>
    <datafield ind1=" " ind2=" " tag="SWD">
      <subfield code="g">Republik &#xD6;sterreich</subfield>
      <subfield code="9">(DE-588)4043271-3</subfield>
    </datafield>
    <datafield ind1=" " ind2=" " tag="SWD">
      <subfield code="g">&#xD6;sterreich</subfield>
      <subfield code="h">Zweite Republik</subfield>
      <subfield code="9">(DE-588)4043271-3</subfield>
    </datafield>
    <datafield ind1=" " ind2=" " tag="SWD">
      <subfield code="g">Bundesstaat &#xD6;sterreich</subfield>
      <subfield code="9">(DE-588)4043271-3</subfield>
    </datafield>
    <datafield ind1=" " ind2=" " tag="SWD">
      <subfield code="g">&#xD6;sterreich</subfield>
      <subfield code="h">Erste Republik</subfield>
      <subfield code="9">(DE-588)4043271-3</subfield>
    </datafield>
    <datafield ind1=" " ind2=" " tag="SWD">
      <subfield code="g">Deutsch&#xF6;sterreich</subfield>
      <subfield code="9">(DE-588)4043271-3</subfield>
    </datafield>
    <datafield ind1=" " ind2=" " tag="SWD">
      <subfield code="g">Staat Deutsch&#xF6;sterreich</subfield>
      <subfield code="9">(DE-588)4043271-3</subfield>
    </datafield>
    <datafield ind1=" " ind2=" " tag="SWD">
      <subfield code="g">Land &#xD6;sterreich</subfield>
      <subfield code="9">(DE-588)4043271-3</subfield>
    </datafield>
    <datafield ind1=" " ind2=" " tag="SWD">
      <subfield code="g">Kaisertum &#xD6;sterreich</subfield>
      <subfield code="9">(DE-588)4043271-3</subfield>
    </datafield>
    <datafield ind1=" " ind2=" " tag="SWD">
      <subfield code="g">Kaiserthum &#xD6;sterreich</subfield>
      <subfield code="9">(DE-588)4043271-3</subfield>
    </datafield>
    <datafield ind1=" " ind2=" " tag="SWD">
      <subfield code="g">&#xD6;sterreichische Monarchie</subfield>
      <subfield code="9">(DE-588)4043271-3</subfield>
    </datafield>
    <datafield ind1=" " ind2=" " tag="SWD">
      <subfield code="g">Ostmark</subfield>
      <subfield code="h">&#xD6;sterreich</subfield>
      <subfield code="9">(DE-588)4043271-3</subfield>
    </datafield>
    <datafield ind1=" " ind2=" " tag="SWD">
      <subfield code="g">Autriche</subfield>
      <subfield code="9">(DE-588)4043271-3</subfield>
    </datafield>
    <datafield ind1=" " ind2=" " tag="SWD">
      <subfield code="g">Austrya</subfield>
      <subfield code="9">(DE-588)4043271-3</subfield>
    </datafield>
    <datafield ind1=" " ind2=" " tag="SWD">
      <subfield code="g">Austrja</subfield>
      <subfield code="9">(DE-588)4043271-3</subfield>
    </datafield>
    <datafield ind1=" " ind2=" " tag="SWD">
      <subfield code="g">Ostmark</subfield>
      <subfield code="9">(DE-588)4043271-3</subfield>
    </datafield>
    <datafield ind1=" " ind2=" " tag="SWD">
      <subfield code="9">(DE-588)1085175685</subfield>
    </datafield>
    <datafield ind1=" " ind2=" " tag="SWD">
      <subfield code="9">(DE-588)1087268060</subfield>
    </datafield>
    <datafield ind1=" " ind2=" " tag="SWD">
      <subfield code="s">Staatshaushalt</subfield>
      <subfield code="9">(DE-588)4043173-3</subfield>
    </datafield>
    <datafield ind1=" " ind2=" " tag="SWD">
      <subfield code="s">Finanzhaushalt</subfield>
      <subfield code="9">(DE-588)4043173-3</subfield>
    </datafield>
    <datafield ind1=" " ind2=" " tag="SWD">
      <subfield code="s">Etat</subfield>
      <subfield code="h">&#xD6;ffentlicher Sektor</subfield>
      <subfield code="9">(DE-588)4043173-3</subfield>
    </datafield>
    <datafield ind1=" " ind2=" " tag="SWD">
      <subfield code="s">Haushalt</subfield>
      <subfield code="h">&#xD6;ffentlicher Sektor</subfield>
      <subfield code="9">(DE-588)4043173-3</subfield>
    </datafield>
    <datafield ind1=" " ind2=" " tag="SWD">
      <subfield code="s">Staatshaushalt</subfield>
      <subfield code="9">(DE-588)4043173-3</subfield>
    </datafield>
    <datafield ind1=" " ind2=" " tag="SWD">
      <subfield code="s">Finanzhaushalt</subfield>
      <subfield code="9">(DE-588)4043173-3</subfield>
    </datafield>
    <datafield ind1=" " ind2=" " tag="SWD">
      <subfield code="s">Etat</subfield>
      <subfield code="h">&#xD6;ffentlicher Sektor</subfield>
      <subfield code="9">(DE-588)4043173-3</subfield>
    </datafield>
    <datafield ind1=" " ind2=" " tag="SWD">
      <subfield code="s">Haushalt</subfield>
      <subfield code="h">&#xD6;ffentlicher Sektor</subfield>
      <subfield code="9">(DE-588)4043173-3</subfield>
    </datafield>
    <datafield ind1=" " ind2=" " tag="SWD">
      <subfield code="9">(DE-588)35878-2</subfield>
    </datafield>
    <datafield ind1=" " ind2=" " tag="SWD">
      <subfield code="g">&lt;&lt;Die&gt;&gt; im Reichsrat vertretenen K&#xF6;nigreiche und L&#xE4;nder</subfield>
      <subfield code="h">&#xD6;sterreich</subfield>
      <subfield code="9">(DE-588)4043271-3</subfield>
    </datafield>
    <datafield ind1=" " ind2=" " tag="SWD">
      <subfield code="g">Zisleithanien</subfield>
      <subfield code="9">(DE-588)4043271-3</subfield>
    </datafield>
    <datafield ind1=" " ind2=" " tag="SWD">
      <subfield code="g">Cisleithanien</subfield>
      <subfield code="9">(DE-588)4043271-3</subfield>
    </datafield>
    <datafield ind1=" " ind2=" " tag="SWD">
      <subfield code="g">Habsburgermonarchie</subfield>
      <subfield code="9">(DE-588)4043271-3</subfield>
    </datafield>
    <datafield ind1=" " ind2=" " tag="SWD">
      <subfield code="g">Habsburgerreich</subfield>
      <subfield code="9">(DE-588)4043271-3</subfield>
    </datafield>
    <datafield ind1=" " ind2=" " tag="SWD">
      <subfield code="g">Austria</subfield>
      <subfield code="9">(DE-588)4043271-3</subfield>
    </datafield>
    <datafield ind1=" " ind2=" " tag="SWD">
      <subfield code="g">Republik &#xD6;sterreich</subfield>
      <subfield code="9">(DE-588)4043271-3</subfield>
    </datafield>
    <datafield ind1=" " ind2=" " tag="SWD">
      <subfield code="g">&#xD6;sterreich</subfield>
      <subfield code="h">Zweite Republik</subfield>
      <subfield code="9">(DE-588)4043271-3</subfield>
    </datafield>
    <datafield ind1=" " ind2=" " tag="SWD">
      <subfield code="g">Bundesstaat &#xD6;sterreich</subfield>
      <subfield code="9">(DE-588)4043271-3</subfield>
    </datafield>
    <datafield ind1=" " ind2=" " tag="SWD">
      <subfield code="g">&#xD6;sterreich</subfield>
      <subfield code="h">Erste Republik</subfield>
      <subfield code="9">(DE-588)4043271-3</subfield>
    </datafield>
    <datafield ind1=" " ind2=" " tag="SWD">
      <subfield code="g">Deutsch&#xF6;sterreich</subfield>
      <subfield code="9">(DE-588)4043271-3</subfield>
    </datafield>
    <datafield ind1=" " ind2=" " tag="SWD">
      <subfield code="g">Staat Deutsch&#xF6;sterreich</subfield>
      <subfield code="9">(DE-588)4043271-3</subfield>
    </datafield>
    <datafield ind1=" " ind2=" " tag="SWD">
      <subfield code="g">Land &#xD6;sterreich</subfield>
      <subfield code="9">(DE-588)4043271-3</subfield>
    </datafield>
    <datafield ind1=" " ind2=" " tag="SWD">
      <subfield code="g">Kaisertum &#xD6;sterreich</subfield>
      <subfield code="9">(DE-588)4043271-3</subfield>
    </datafield>
    <datafield ind1=" " ind2=" " tag="SWD">
      <subfield code="g">Kaiserthum &#xD6;sterreich</subfield>
      <subfield code="9">(DE-588)4043271-3</subfield>
    </datafield>
    <datafield ind1=" " ind2=" " tag="SWD">
      <subfield code="g">&#xD6;sterreichische Monarchie</subfield>
      <subfield code="9">(DE-588)4043271-3</subfield>
    </datafield>
    <datafield ind1=" " ind2=" " tag="SWD">
      <subfield code="g">Ostmark</subfield>
      <subfield code="h">&#xD6;sterreich</subfield>
      <subfield code="9">(DE-588)4043271-3</subfield>
    </datafield>
    <datafield ind1=" " ind2=" " tag="SWD">
      <subfield code="g">Autriche</subfield>
      <subfield code="9">(DE-588)4043271-3</subfield>
    </datafield>
    <datafield ind1=" " ind2=" " tag="SWD">
      <subfield code="g">Austrya</subfield>
      <subfield code="9">(DE-588)4043271-3</subfield>
    </datafield>
    <datafield ind1=" " ind2=" " tag="SWD">
      <subfield code="g">Austrja</subfield>
      <subfield code="9">(DE-588)4043271-3</subfield>
    </datafield>
    <datafield ind1=" " ind2=" " tag="SWD">
      <subfield code="g">Ostmark</subfield>
      <subfield code="9">(DE-588)4043271-3</subfield>
    </datafield>
    <datafield ind1=" " ind2=" " tag="SWD">
      <subfield code="9">(DE-588)1085175685</subfield>
    </datafield>
    <datafield ind1=" " ind2=" " tag="SWD">
      <subfield code="9">(DE-588)1087268060</subfield>
    </datafield>
    <datafield ind1=" " ind2=" " tag="SWD">
      <subfield code="s">Schuldenkonsolidierung</subfield>
      <subfield code="9">(DE-588)4114287-1</subfield>
    </datafield>
    <datafield ind1=" " ind2=" " tag="SWD">
      <subfield code="s">Schuldentransformation</subfield>
      <subfield code="9">(DE-588)4114287-1</subfield>
    </datafield>
    <datafield ind1=" " ind2=" " tag="SWD">
      <subfield code="s">Schuldenkonsolidierung</subfield>
      <subfield code="9">(DE-588)4114287-1</subfield>
    </datafield>
    <datafield ind1=" " ind2=" " tag="SWD">
      <subfield code="s">Schuldentransformation</subfield>
      <subfield code="9">(DE-588)4114287-1</subfield>
    </datafield>
    <datafield ind1=" " ind2=" " tag="BKL">
      <subfield code="a">Finanzwissenschaft</subfield>
    </datafield>
    <datafield ind1=" " ind2=" " tag="BKL">
      <subfield code="a">economics: public finance</subfield>
    </datafield>
    <datafield ind1=" " ind2=" " tag="BKL">
      <subfield code="a">public finance &lt;economics&gt;</subfield>
    </datafield>
    <datafield ind1=" " ind2=" " tag="BKL">
      <subfield code="a">&#xD6;ffentliche Finanzwirtschaft</subfield>
    </datafield>
    <datafield ind1=" " ind2=" " tag="BKL">
      <subfield code="a">Finanzsystem</subfield>
    </datafield>
    <datafield ind1=" " ind2=" " tag="BKL">
      <subfield code="a">Finanzwesen</subfield>
    </datafield>
    <datafield ind1=" " ind2=" " tag="BKL">
      <subfield code="a">Fiskalpolitik</subfield>
    </datafield>
    <datafield ind1=" " ind2=" " tag="BKL">
      <subfield code="a">Steuern</subfield>
    </datafield>
    <datafield ind1=" " ind2=" " tag="BKL">
      <subfield code="a">Cost-Benefit-Analyse</subfield>
    </datafield>
    <datafield ind1=" " ind2=" " tag="BKL">
      <subfield code="a">Subventionen &lt;Volkswirtschaft&gt;</subfield>
    </datafield>
    <datafield ind1=" " ind2=" " tag="BKL">
      <subfield code="a">Transferzahlungen</subfield>
    </datafield>
    <datafield ind1=" " ind2=" " tag="BKL">
      <subfield code="a">&#xD6;ffentliche Unternehmen</subfield>
    </datafield>
    <datafield ind1=" " ind2=" " tag="BKL">
      <subfield code="a">Finanzausgleich</subfield>
    </datafield>
    <datafield ind1=" " ind2=" " tag="BKL">
      <subfield code="a">Staatsverschuldung</subfield>
    </datafield>
    <datafield ind1=" " ind2=" " tag="BKL">
      <subfield code="a">Parafiskus</subfield>
    </datafield>
    <datafield ind1=" " ind2=" " tag="BKL">
      <subfield code="a">intermedi&#xE4;re Finanzgewalt</subfield>
    </datafield>
    <datafield ind1=" " ind2=" " tag="AVA">
      <subfield code="a">AKW50</subfield>
      <subfield code="b">XAW1</subfield>
      <subfield code="c">Hauptmagazin</subfield>
      <subfield code="d">B155536</subfield>
      <subfield code="e">available</subfield>
      <subfield code="t">Verf&#xFC;gbar</subfield>
      <subfield code="f">2</subfield>
      <subfield code="g">0</subfield>
      <subfield code="h">N</subfield>
      <subfield code="i">0</subfield>
      <subfield code="j">MAG1</subfield>
    </datafield>
    <datafield ind1="-" ind2="1" tag="Z30">
      <subfield code="1">XAW1</subfield>
      <subfield code="2">MAG1</subfield>
      <subfield code="3">B141443</subfield>
    </datafield>
    <datafield ind1="-" ind2="1" tag="Z30">
      <subfield code="1">XAW1</subfield>
      <subfield code="2">MAG1</subfield>
      <subfield code="3">B155536</subfield>
    </datafield>
  </record>
  <record>
    <leader>00957nM2.01000024------h</leader>
    <controlfield tag="LDR">00957nM2.01000024------h</controlfield>
    <controlfield tag="FMT">MH</controlfield>
    <datafield ind1="-" ind2="1" tag="001">
      <subfield code="a">AC08323098</subfield>
    </datafield>
    <datafield ind1="z" ind2="1" tag="025">
      <subfield code="a">ZDB-2585943-2</subfield>
    </datafield>
    <controlfield tag="030">a|1dcr|||||35</controlfield>
    <datafield ind1="a" ind2="1" tag="036">
      <subfield code="a">DE</subfield>
    </datafield>
    <controlfield tag="050">a|a|||||||||||</controlfield>
    <controlfield tag="052">r||||||a|||||||</controlfield>
    <datafield ind1="s" ind2="1" tag="076">
      <subfield code="a">54</subfield>
    </datafield>
    <datafield ind1="-" ind2="1" tag="310">
      <subfield code="a">&lt;&lt;Das&gt;&gt; achtzehnte Jahrhundert und &#xD6;sterreich / Internationale Beihefte</subfield>
    </datafield>
    <datafield ind1="-" ind2="1" tag="331">
      <subfield code="a">&lt;&lt;Das&gt;&gt; achtzehnte Jahrhundert und &#xD6;sterreich</subfield>
    </datafield>
    <datafield ind1="a" ind2="1" tag="341">
      <subfield code="a">&lt;&lt;Le&gt;&gt; dix-huiti&#xE8;me si&#xE8;cle et la monarchie des Habsbourg</subfield>
    </datafield>
    <datafield ind1="-" ind2="1" tag="345">
      <subfield code="a">&lt;&lt;The&gt;&gt; eighteenth century and the Habsburg Monarchy</subfield>
    </datafield>
    <datafield ind1="-" ind2="1" tag="359">
      <subfield code="a">hrsg. ... im Auftrag der &#xD6;sterreichischen Gesellschaft zur Erforschung des Achtzehnten Jahrhunderts</subfield>
    </datafield>
    <datafield ind1="-" ind2="1" tag="360">
      <subfield code="a">Internationale Beihefte = Collection internationale = International series</subfield>
    </datafield>
    <datafield ind1="a" ind2="1" tag="370">
      <subfield code="a">&lt;&lt;Le&gt;&gt; dix-huiti&#xE8;me si&#xE8;cle et la monarchie des Habsbourg / Collection internationale</subfield>
    </datafield>
    <datafield ind1="a" ind2="1" tag="370">
      <subfield code="a">&lt;&lt;The&gt;&gt; eighteenth century and the Habsburg monarchy / International series</subfield>
    </datafield>
    <datafield ind1="-" ind2="1" tag="405">
      <subfield code="a">1.2010 -</subfield>
    </datafield>
    <datafield ind1="-" ind2="1" tag="410">
      <subfield code="a">Bochum</subfield>
    </datafield>
    <datafield ind1="-" ind2="1" tag="412">
      <subfield code="a">Winkler</subfield>
    </datafield>
    <datafield ind1="a" ind2="1" tag="425">
      <subfield code="a">2010</subfield>
    </datafield>
    <datafield ind1="-" ind2="1" tag="523">
      <subfield code="a">Erscheint unregelm&#xE4;&#xDF;ig</subfield>
    </datafield>
    <datafield ind1="a" ind2="1" tag="542">
      <subfield code="a">2190-7390</subfield>
    </datafield>
    <datafield ind1="-" ind2="1" tag="902">
      <subfield code="g">&#xD6;sterreich</subfield>
      <subfield code="9">(DE-588)4043271-3</subfield>
    </datafield>
    <datafield ind1="-" ind2="1" tag="902">
      <subfield code="z">Geschichte 1700-1800</subfield>
    </datafield>
    <datafield ind1="-" ind2="1" tag="902">
      <subfield code="f">Schriftenreihe</subfield>
    </datafield>
    <controlfield tag="SYS">000345419</controlfield>
    <datafield ind1=" " ind2=" " tag="SWD">
      <subfield code="9">(DE-588)35878-2</subfield>
    </datafield>
    <datafield ind1=" " ind2=" " tag="SWD">
      <subfield code="g">&lt;&lt;Die&gt;&gt; im Reichsrat vertretenen K&#xF6;nigreiche und L&#xE4;nder</subfield>
      <subfield code="h">&#xD6;sterreich</subfield>
      <subfield code="9">(DE-588)4043271-3</subfield>
    </datafield>
    <datafield ind1=" " ind2=" " tag="SWD">
      <subfield code="g">Zisleithanien</subfield>
      <subfield code="9">(DE-588)4043271-3</subfield>
    </datafield>
    <datafield ind1=" " ind2=" " tag="SWD">
      <subfield code="g">Cisleithanien</subfield>
      <subfield code="9">(DE-588)4043271-3</subfield>
    </datafield>
    <datafield ind1=" " ind2=" " tag="SWD">
      <subfield code="g">Habsburgermonarchie</subfield>
      <subfield code="9">(DE-588)4043271-3</subfield>
    </datafield>
    <datafield ind1=" " ind2=" " tag="SWD">
      <subfield code="g">Habsburgerreich</subfield>
      <subfield code="9">(DE-588)4043271-3</subfield>
    </datafield>
    <datafield ind1=" " ind2=" " tag="SWD">
      <subfield code="g">Austria</subfield>
      <subfield code="9">(DE-588)4043271-3</subfield>
    </datafield>
    <datafield ind1=" " ind2=" " tag="SWD">
      <subfield code="g">Republik &#xD6;sterreich</subfield>
      <subfield code="9">(DE-588)4043271-3</subfield>
    </datafield>
    <datafield ind1=" " ind2=" " tag="SWD">
      <subfield code="g">&#xD6;sterreich</subfield>
      <subfield code="h">Zweite Republik</subfield>
      <subfield code="9">(DE-588)4043271-3</subfield>
    </datafield>
    <datafield ind1=" " ind2=" " tag="SWD">
      <subfield code="g">Bundesstaat &#xD6;sterreich</subfield>
      <subfield code="9">(DE-588)4043271-3</subfield>
    </datafield>
    <datafield ind1=" " ind2=" " tag="SWD">
      <subfield code="g">&#xD6;sterreich</subfield>
      <subfield code="h">Erste Republik</subfield>
      <subfield code="9">(DE-588)4043271-3</subfield>
    </datafield>
    <datafield ind1=" " ind2=" " tag="SWD">
      <subfield code="g">Deutsch&#xF6;sterreich</subfield>
      <subfield code="9">(DE-588)4043271-3</subfield>
    </datafield>
    <datafield ind1=" " ind2=" " tag="SWD">
      <subfield code="g">Staat Deutsch&#xF6;sterreich</subfield>
      <subfield code="9">(DE-588)4043271-3</subfield>
    </datafield>
    <datafield ind1=" " ind2=" " tag="SWD">
      <subfield code="g">Land &#xD6;sterreich</subfield>
      <subfield code="9">(DE-588)4043271-3</subfield>
    </datafield>
    <datafield ind1=" " ind2=" " tag="SWD">
      <subfield code="g">Kaisertum &#xD6;sterreich</subfield>
      <subfield code="9">(DE-588)4043271-3</subfield>
    </datafield>
    <datafield ind1=" " ind2=" " tag="SWD">
      <subfield code="g">Kaiserthum &#xD6;sterreich</subfield>
      <subfield code="9">(DE-588)4043271-3</subfield>
    </datafield>
    <datafield ind1=" " ind2=" " tag="SWD">
      <subfield code="g">&#xD6;sterreichische Monarchie</subfield>
      <subfield code="9">(DE-588)4043271-3</subfield>
    </datafield>
    <datafield ind1=" " ind2=" " tag="SWD">
      <subfield code="g">Ostmark</subfield>
      <subfield code="h">&#xD6;sterreich</subfield>
      <subfield code="9">(DE-588)4043271-3</subfield>
    </datafield>
    <datafield ind1=" " ind2=" " tag="SWD">
      <subfield code="g">Autriche</subfield>
      <subfield code="9">(DE-588)4043271-3</subfield>
    </datafield>
    <datafield ind1=" " ind2=" " tag="SWD">
      <subfield code="g">Austrya</subfield>
      <subfield code="9">(DE-588)4043271-3</subfield>
    </datafield>
    <datafield ind1=" " ind2=" " tag="SWD">
      <subfield code="g">Austrja</subfield>
      <subfield code="9">(DE-588)4043271-3</subfield>
    </datafield>
    <datafield ind1=" " ind2=" " tag="SWD">
      <subfield code="g">Ostmark</subfield>
      <subfield code="9">(DE-588)4043271-3</subfield>
    </datafield>
    <datafield ind1=" " ind2=" " tag="SWD">
      <subfield code="9">(DE-588)1085175685</subfield>
    </datafield>
    <datafield ind1=" " ind2=" " tag="SWD">
      <subfield code="9">(DE-588)1087268060</subfield>
    </datafield>
    <datafield ind1=" " ind2=" " tag="SWD">
      <subfield code="9">(DE-588)35878-2</subfield>
    </datafield>
    <datafield ind1=" " ind2=" " tag="SWD">
      <subfield code="g">&lt;&lt;Die&gt;&gt; im Reichsrat vertretenen K&#xF6;nigreiche und L&#xE4;nder</subfield>
      <subfield code="h">&#xD6;sterreich</subfield>
      <subfield code="9">(DE-588)4043271-3</subfield>
    </datafield>
    <datafield ind1=" " ind2=" " tag="SWD">
      <subfield code="g">Zisleithanien</subfield>
      <subfield code="9">(DE-588)4043271-3</subfield>
    </datafield>
    <datafield ind1=" " ind2=" " tag="SWD">
      <subfield code="g">Cisleithanien</subfield>
      <subfield code="9">(DE-588)4043271-3</subfield>
    </datafield>
    <datafield ind1=" " ind2=" " tag="SWD">
      <subfield code="g">Habsburgermonarchie</subfield>
      <subfield code="9">(DE-588)4043271-3</subfield>
    </datafield>
    <datafield ind1=" " ind2=" " tag="SWD">
      <subfield code="g">Habsburgerreich</subfield>
      <subfield code="9">(DE-588)4043271-3</subfield>
    </datafield>
    <datafield ind1=" " ind2=" " tag="SWD">
      <subfield code="g">Austria</subfield>
      <subfield code="9">(DE-588)4043271-3</subfield>
    </datafield>
    <datafield ind1=" " ind2=" " tag="SWD">
      <subfield code="g">Republik &#xD6;sterreich</subfield>
      <subfield code="9">(DE-588)4043271-3</subfield>
    </datafield>
    <datafield ind1=" " ind2=" " tag="SWD">
      <subfield code="g">&#xD6;sterreich</subfield>
      <subfield code="h">Zweite Republik</subfield>
      <subfield code="9">(DE-588)4043271-3</subfield>
    </datafield>
    <datafield ind1=" " ind2=" " tag="SWD">
      <subfield code="g">Bundesstaat &#xD6;sterreich</subfield>
      <subfield code="9">(DE-588)4043271-3</subfield>
    </datafield>
    <datafield ind1=" " ind2=" " tag="SWD">
      <subfield code="g">&#xD6;sterreich</subfield>
      <subfield code="h">Erste Republik</subfield>
      <subfield code="9">(DE-588)4043271-3</subfield>
    </datafield>
    <datafield ind1=" " ind2=" " tag="SWD">
      <subfield code="g">Deutsch&#xF6;sterreich</subfield>
      <subfield code="9">(DE-588)4043271-3</subfield>
    </datafield>
    <datafield ind1=" " ind2=" " tag="SWD">
      <subfield code="g">Staat Deutsch&#xF6;sterreich</subfield>
      <subfield code="9">(DE-588)4043271-3</subfield>
    </datafield>
    <datafield ind1=" " ind2=" " tag="SWD">
      <subfield code="g">Land &#xD6;sterreich</subfield>
      <subfield code="9">(DE-588)4043271-3</subfield>
    </datafield>
    <datafield ind1=" " ind2=" " tag="SWD">
      <subfield code="g">Kaisertum &#xD6;sterreich</subfield>
      <subfield code="9">(DE-588)4043271-3</subfield>
    </datafield>
    <datafield ind1=" " ind2=" " tag="SWD">
      <subfield code="g">Kaiserthum &#xD6;sterreich</subfield>
      <subfield code="9">(DE-588)4043271-3</subfield>
    </datafield>
    <datafield ind1=" " ind2=" " tag="SWD">
      <subfield code="g">&#xD6;sterreichische Monarchie</subfield>
      <subfield code="9">(DE-588)4043271-3</subfield>
    </datafield>
    <datafield ind1=" " ind2=" " tag="SWD">
      <subfield code="g">Ostmark</subfield>
      <subfield code="h">&#xD6;sterreich</subfield>
      <subfield code="9">(DE-588)4043271-3</subfield>
    </datafield>
    <datafield ind1=" " ind2=" " tag="SWD">
      <subfield code="g">Autriche</subfield>
      <subfield code="9">(DE-588)4043271-3</subfield>
    </datafield>
    <datafield ind1=" " ind2=" " tag="SWD">
      <subfield code="g">Austrya</subfield>
      <subfield code="9">(DE-588)4043271-3</subfield>
    </datafield>
    <datafield ind1=" " ind2=" " tag="SWD">
      <subfield code="g">Austrja</subfield>
      <subfield code="9">(DE-588)4043271-3</subfield>
    </datafield>
    <datafield ind1=" " ind2=" " tag="SWD">
      <subfield code="g">Ostmark</subfield>
      <subfield code="9">(DE-588)4043271-3</subfield>
    </datafield>
    <datafield ind1=" " ind2=" " tag="SWD">
      <subfield code="9">(DE-588)1085175685</subfield>
    </datafield>
    <datafield ind1=" " ind2=" " tag="SWD">
      <subfield code="9">(DE-588)1087268060</subfield>
    </datafield>
  </record>