
  <record>
    <leader>00790nM2.01200024------h</leader>
    <controlfield tag="LDR">00790nM2.01200024------h</controlfield>
    <controlfield tag="FMT">MH</controlfield>
    <datafield ind1="-" ind2="1" tag="001">
      <subfield code="a">AC09391846</subfield>
    </datafield>
    <datafield ind1="b" ind2="1" tag="002">
      <subfield code="a">20120710</subfield>
    </datafield>
    <datafield ind1="b" ind2="1" tag="025">
      <subfield code="a">016077840</subfield>
    </datafield>
    <controlfield tag="030">a|1dc||z|||37</controlfield>
    <datafield ind1="a" ind2="1" tag="036">
      <subfield code="a">DE</subfield>
    </datafield>
    <datafield ind1="b" ind2="1" tag="037">
      <subfield code="a">ger</subfield>
      <subfield code="a">eng</subfield>
      <subfield code="a">fre</subfield>
      <subfield code="a">spa</subfield>
      <subfield code="a">chi</subfield>
    </datafield>
    <controlfield tag="050">a|a|||||||||||</controlfield>
    <controlfield tag="051">m|||z|||</controlfield>
    <datafield ind1="a" ind2="1" tag="070">
      <subfield code="a">DNB</subfield>
    </datafield>
    <datafield ind1="s" ind2="1" tag="076">
      <subfield code="a">45</subfield>
    </datafield>
    <datafield ind1="-" ind2="1" tag="100">
      <subfield code="p">Grob, Marco</subfield>
      <subfield code="d">1965-</subfield>
      <subfield code="9">(DE-588)132067544</subfield>
    </datafield>
    <datafield ind1="a" ind2="1" tag="104">
      <subfield code="p">Hiepler, David</subfield>
      <subfield code="d">1969-</subfield>
      <subfield code="9">(DE-588)1021321532</subfield>
    </datafield>
    <datafield ind1="a" ind2="1" tag="108">
      <subfield code="p">Brunier, Fritz</subfield>
      <subfield code="d">1972-</subfield>
      <subfield code="9">(DE-588)1021321303</subfield>
    </datafield>
    <datafield ind1="b" ind2="1" tag="112">
      <subfield code="p">Soiron, Rolf</subfield>
      <subfield code="b">[Textverf.]</subfield>
    </datafield>
    <datafield ind1="b" ind2="1" tag="200">
      <subfield code="k">Holcim Group Support</subfield>
      <subfield code="9">(DE-588)10171219-4</subfield>
    </datafield>
    <datafield ind1="-" ind2="1" tag="331">
      <subfield code="a">Industrious</subfield>
    </datafield>
    <datafield ind1="-" ind2="1" tag="359">
      <subfield code="a">Marco Grob / Hiepler, Brunier. [Ed.: Holcim. Authors: Rolf Soiron ...]</subfield>
    </datafield>
    <datafield ind1="-" ind2="1" tag="403">
      <subfield code="a">1. ed.</subfield>
    </datafield>
    <datafield ind1="-" ind2="1" tag="410">
      <subfield code="a">Kempen</subfield>
    </datafield>
    <datafield ind1="-" ind2="1" tag="412">
      <subfield code="a">TeNeues</subfield>
    </datafield>
    <datafield ind1="a" ind2="1" tag="425">
      <subfield code="a">2012</subfield>
    </datafield>
    <datafield ind1="-" ind2="1" tag="433">
      <subfield code="a">[Ca. 150] Bl.</subfield>
    </datafield>
    <datafield ind1="-" ind2="1" tag="434">
      <subfield code="a">&#xFC;berw. Ill.</subfield>
    </datafield>
    <datafield ind1="-" ind2="1" tag="435">
      <subfield code="a">37 cm</subfield>
    </datafield>
    <datafield ind1="-" ind2="1" tag="501">
      <subfield code="a">Diese Publikation entstand anl&#xE4;sslich des hundertsten Firmenjubil&#xE4;ums von Holcim. Eine kuratorische Auswahl aus dem Fotoprojekt pr&#xE4;sentiert das Kunstmuseum Bern, 2nd March - 6th May 2012</subfield>
    </datafield>
    <datafield ind1="-" ind2="1" tag="516">
      <subfield code="a">Text dt., engl., franz., span. und chines. - Teilw. in chines. Schrift</subfield>
    </datafield>
    <datafield ind1="a" ind2="1" tag="540">
      <subfield code="a">978-3-8327-9539-9</subfield>
      <subfield code="b">(hbk.) &#xA3;45.00</subfield>
    </datafield>
    <datafield ind1="a" ind2="1" tag="540">
      <subfield code="a">3-8327-9539-1</subfield>
      <subfield code="b">(hbk.) &#xA3;45.00</subfield>
    </datafield>
    <datafield ind1="x" ind2="1" tag="700">
      <subfield code="a">700 Bildende und angewandte Kunst</subfield>
      <subfield code="c">22</subfield>
    </datafield>
    <datafield ind1="x" ind2="1" tag="700">
      <subfield code="a">331 Arbeit, Arbeitswissenschaft</subfield>
      <subfield code="c">22</subfield>
    </datafield>
    <datafield ind1="b" ind2="1" tag="700">
      <subfield code="a">778.92</subfield>
      <subfield code="c">n/a</subfield>
    </datafield>
    <datafield ind1="f" ind2="1" tag="700">
      <subfield code="a">20.23</subfield>
      <subfield code="b">Mensch &lt;Ikonographie&gt;</subfield>
    </datafield>
    <datafield ind1="f" ind2="1" tag="700">
      <subfield code="a">20.31</subfield>
      <subfield code="b">Bildende K&#xFC;nstler</subfield>
    </datafield>
    <datafield ind1="f" ind2="1" tag="700">
      <subfield code="a">21.49</subfield>
      <subfield code="b">Photographie: Sonstiges</subfield>
    </datafield>
    <datafield ind1="g" ind2="1" tag="700">
      <subfield code="a">AP 94100</subfield>
    </datafield>
    <datafield ind1="g" ind2="1" tag="700">
      <subfield code="a">AP 95700</subfield>
    </datafield>
    <datafield ind1="g" ind2="1" tag="700">
      <subfield code="a">AP 95900</subfield>
    </datafield>
    <datafield ind1="u" ind2="1" tag="740">
      <subfield code="a">Holcim Foundation for Sustainable Construction (Zurich, Switzerland)--Pictorial works--Exhibitions.</subfield>
    </datafield>
    <datafield ind1="u" ind2="1" tag="740">
      <subfield code="a">Portrait photography--Exhibitions.</subfield>
    </datafield>
    <datafield ind1="u" ind2="1" tag="740">
      <subfield code="a">Architectural photography--Exhibitions.</subfield>
    </datafield>
    <datafield ind1="-" ind2="1" tag="902">
      <subfield code="p">Grob, Marco</subfield>
      <subfield code="d">1965-</subfield>
      <subfield code="9">(DE-588)132067544</subfield>
    </datafield>
    <datafield ind1="-" ind2="1" tag="902">
      <subfield code="s">Portr&#xE4;tfotografie</subfield>
      <subfield code="9">(DE-588)4046840-9</subfield>
    </datafield>
    <datafield ind1="-" ind2="1" tag="902">
      <subfield code="s">Schwarzwei&#xDF;fotografie</subfield>
      <subfield code="9">(DE-588)4121634-9</subfield>
    </datafield>
    <datafield ind1="-" ind2="1" tag="902">
      <subfield code="k">Holcim (Schweiz) AG</subfield>
      <subfield code="9">(DE-588)10055683-8</subfield>
    </datafield>
    <datafield ind1="-" ind2="1" tag="902">
      <subfield code="s">Arbeiterin</subfield>
      <subfield code="h">Motiv</subfield>
      <subfield code="9">(DE-588)4373268-9</subfield>
    </datafield>
    <datafield ind1="-" ind2="1" tag="902">
      <subfield code="s">Arbeiter</subfield>
      <subfield code="h">Motiv</subfield>
      <subfield code="9">(DE-588)4132011-6</subfield>
    </datafield>
    <datafield ind1="-" ind2="1" tag="902">
      <subfield code="f">Bildband</subfield>
    </datafield>
    <datafield ind1="-" ind2="1" tag="907">
      <subfield code="p">Hiepler, David</subfield>
      <subfield code="d">1969-</subfield>
      <subfield code="9">(DE-588)1021321532</subfield>
    </datafield>
    <datafield ind1="-" ind2="1" tag="907">
      <subfield code="p">Brunier, Fritz</subfield>
      <subfield code="d">1972-</subfield>
      <subfield code="9">(DE-588)1021321303</subfield>
    </datafield>
    <datafield ind1="-" ind2="1" tag="907">
      <subfield code="s">Industriefotografie</subfield>
      <subfield code="9">(DE-588)4120482-7</subfield>
    </datafield>
    <datafield ind1="-" ind2="1" tag="907">
      <subfield code="k">Holcim (Schweiz) AG</subfield>
      <subfield code="9">(DE-588)10055683-8</subfield>
    </datafield>
    <datafield ind1="-" ind2="1" tag="907">
      <subfield code="s">Industrieanlage</subfield>
      <subfield code="h">Motiv</subfield>
      <subfield code="9">(DE-588)4627526-5</subfield>
    </datafield>
    <datafield ind1="-" ind2="1" tag="907">
      <subfield code="f">Bildband</subfield>
    </datafield>
    <controlfield tag="SYS">000358366</controlfield>
    <datafield ind1=" " ind2=" " tag="KOR">
      <subfield code="k">Holcim</subfield>
      <subfield code="h">Holcim Group Support</subfield>
      <subfield code="9">(DE-588)10171219-4</subfield>
    </datafield>
    <datafield ind1=" " ind2=" " tag="KOR">
      <subfield code="k">Holcim Group Support Ltd.</subfield>
      <subfield code="9">(DE-588)10171219-4</subfield>
    </datafield>
    <datafield ind1=" " ind2=" " tag="SWD">
      <subfield code="k">Holcim (Suisse) SA</subfield>
      <subfield code="9">(DE-588)10055683-8</subfield>
    </datafield>
    <datafield ind1=" " ind2=" " tag="SWD">
      <subfield code="k">Holcim Suisse</subfield>
      <subfield code="9">(DE-588)10055683-8</subfield>
    </datafield>
    <datafield ind1=" " ind2=" " tag="SWD">
      <subfield code="k">Holcim (Svizzera) SA</subfield>
      <subfield code="9">(DE-588)10055683-8</subfield>
    </datafield>
    <datafield ind1=" " ind2=" " tag="SWD">
      <subfield code="k">Holcim Svizzera</subfield>
      <subfield code="9">(DE-588)10055683-8</subfield>
    </datafield>
    <datafield ind1=" " ind2=" " tag="SWD">
      <subfield code="k">Holcim</subfield>
      <subfield code="h">Holcim (Schweiz) AG</subfield>
      <subfield code="9">(DE-588)10055683-8</subfield>
    </datafield>
    <datafield ind1=" " ind2=" " tag="SWD">
      <subfield code="k">Holcim Schweiz</subfield>
      <subfield code="9">(DE-588)10055683-8</subfield>
    </datafield>
    <datafield ind1=" " ind2=" " tag="SWD">
      <subfield code="9">(DE-588)7755249-0</subfield>
    </datafield>
    <datafield ind1=" " ind2=" " tag="SWD">
      <subfield code="k">Holcim (Suisse) SA</subfield>
      <subfield code="9">(DE-588)10055683-8</subfield>
    </datafield>
    <datafield ind1=" " ind2=" " tag="SWD">
      <subfield code="k">Holcim Suisse</subfield>
      <subfield code="9">(DE-588)10055683-8</subfield>
    </datafield>
    <datafield ind1=" " ind2=" " tag="SWD">
      <subfield code="k">Holcim (Svizzera) SA</subfield>
      <subfield code="9">(DE-588)10055683-8</subfield>
    </datafield>
    <datafield ind1=" " ind2=" " tag="SWD">
      <subfield code="k">Holcim Svizzera</subfield>
      <subfield code="9">(DE-588)10055683-8</subfield>
    </datafield>
    <datafield ind1=" " ind2=" " tag="SWD">
      <subfield code="k">Holcim</subfield>
      <subfield code="h">Holcim (Schweiz) AG</subfield>
      <subfield code="9">(DE-588)10055683-8</subfield>
    </datafield>
    <datafield ind1=" " ind2=" " tag="SWD">
      <subfield code="k">Holcim Schweiz</subfield>
      <subfield code="9">(DE-588)10055683-8</subfield>
    </datafield>
    <datafield ind1=" " ind2=" " tag="SWD">
      <subfield code="9">(DE-588)7755249-0</subfield>
    </datafield>
    <datafield ind1=" " ind2=" " tag="SWD">
      <subfield code="s">Portr&#xE4;tphotographie</subfield>
      <subfield code="9">(DE-588)4046840-9</subfield>
    </datafield>
    <datafield ind1=" " ind2=" " tag="SWD">
      <subfield code="s">Portraitphotographie</subfield>
      <subfield code="9">(DE-588)4046840-9</subfield>
    </datafield>
    <datafield ind1=" " ind2=" " tag="SWD">
      <subfield code="s">Bildnisphotographie</subfield>
      <subfield code="9">(DE-588)4046840-9</subfield>
    </datafield>
    <datafield ind1=" " ind2=" " tag="SWD">
      <subfield code="s">Portr&#xE4;tfotographie</subfield>
      <subfield code="9">(DE-588)4046840-9</subfield>
    </datafield>
    <datafield ind1=" " ind2=" " tag="SWD">
      <subfield code="s">Portraitfotographie</subfield>
      <subfield code="9">(DE-588)4046840-9</subfield>
    </datafield>
    <datafield ind1=" " ind2=" " tag="SWD">
      <subfield code="s">Bildnisfotographie</subfield>
      <subfield code="9">(DE-588)4046840-9</subfield>
    </datafield>
    <datafield ind1=" " ind2=" " tag="SWD">
      <subfield code="s">Portraitfotografie</subfield>
      <subfield code="9">(DE-588)4046840-9</subfield>
    </datafield>
    <datafield ind1=" " ind2=" " tag="SWD">
      <subfield code="s">Bildnisfotografie</subfield>
      <subfield code="9">(DE-588)4046840-9</subfield>
    </datafield>
    <datafield ind1=" " ind2=" " tag="SWD">
      <subfield code="s">Schwarzwei&#xDF;photographie</subfield>
      <subfield code="9">(DE-588)4121634-9</subfield>
    </datafield>
    <datafield ind1=" " ind2=" " tag="SWD">
      <subfield code="s">Schwarzwei&#xDF;fotographie</subfield>
      <subfield code="9">(DE-588)4121634-9</subfield>
    </datafield>
    <datafield ind1=" " ind2=" " tag="SWD">
      <subfield code="s">Industrieanlage</subfield>
      <subfield code="x">Fotografie</subfield>
      <subfield code="9">(DE-588)4120482-7</subfield>
    </datafield>
    <datafield ind1=" " ind2=" " tag="SWD">
      <subfield code="s">Industriefotographie</subfield>
      <subfield code="9">(DE-588)4120482-7</subfield>
    </datafield>
    <datafield ind1=" " ind2=" " tag="SWD">
      <subfield code="s">Industriephotographie</subfield>
      <subfield code="9">(DE-588)4120482-7</subfield>
    </datafield>
    <datafield ind1=" " ind2=" " tag="KOR">
      <subfield code="k">Holcim</subfield>
      <subfield code="h">Holcim Group Support</subfield>
      <subfield code="9">(DE-588)10171219-4</subfield>
    </datafield>
    <datafield ind1=" " ind2=" " tag="KOR">
      <subfield code="k">Holcim Group Support Ltd.</subfield>
      <subfield code="9">(DE-588)10171219-4</subfield>
    </datafield>
    <datafield ind1=" " ind2=" " tag="SWD">
      <subfield code="s">Schwarzwei&#xDF;photographie</subfield>
      <subfield code="9">(DE-588)4121634-9</subfield>
    </datafield>
    <datafield ind1=" " ind2=" " tag="SWD">
      <subfield code="s">Schwarzwei&#xDF;fotographie</subfield>
      <subfield code="9">(DE-588)4121634-9</subfield>
    </datafield>
    <datafield ind1=" " ind2=" " tag="SWD">
      <subfield code="s">Industrieanlage</subfield>
      <subfield code="x">Fotografie</subfield>
      <subfield code="9">(DE-588)4120482-7</subfield>
    </datafield>
    <datafield ind1=" " ind2=" " tag="SWD">
      <subfield code="s">Industriefotographie</subfield>
      <subfield code="9">(DE-588)4120482-7</subfield>
    </datafield>
    <datafield ind1=" " ind2=" " tag="SWD">
      <subfield code="s">Industriephotographie</subfield>
      <subfield code="9">(DE-588)4120482-7</subfield>
    </datafield>
    <datafield ind1=" " ind2=" " tag="SWD">
      <subfield code="s">Portr&#xE4;tphotographie</subfield>
      <subfield code="9">(DE-588)4046840-9</subfield>
    </datafield>
    <datafield ind1=" " ind2=" " tag="SWD">
      <subfield code="s">Portraitphotographie</subfield>
      <subfield code="9">(DE-588)4046840-9</subfield>
    </datafield>
    <datafield ind1=" " ind2=" " tag="SWD">
      <subfield code="s">Bildnisphotographie</subfield>
      <subfield code="9">(DE-588)4046840-9</subfield>
    </datafield>
    <datafield ind1=" " ind2=" " tag="SWD">
      <subfield code="s">Portr&#xE4;tfotographie</subfield>
      <subfield code="9">(DE-588)4046840-9</subfield>
    </datafield>
    <datafield ind1=" " ind2=" " tag="SWD">
      <subfield code="s">Portraitfotographie</subfield>
      <subfield code="9">(DE-588)4046840-9</subfield>
    </datafield>
    <datafield ind1=" " ind2=" " tag="SWD">
      <subfield code="s">Bildnisfotographie</subfield>
      <subfield code="9">(DE-588)4046840-9</subfield>
    </datafield>
    <datafield ind1=" " ind2=" " tag="SWD">
      <subfield code="s">Portraitfotografie</subfield>
      <subfield code="9">(DE-588)4046840-9</subfield>
    </datafield>
    <datafield ind1=" " ind2=" " tag="SWD">
      <subfield code="s">Bildnisfotografie</subfield>
      <subfield code="9">(DE-588)4046840-9</subfield>
    </datafield>
    <datafield ind1=" " ind2=" " tag="BKL">
      <subfield code="a">Mensch</subfield>
    </datafield>
    <datafield ind1=" " ind2=" " tag="BKL">
      <subfield code="a">iconography: man</subfield>
    </datafield>
    <datafield ind1=" " ind2=" " tag="BKL">
      <subfield code="a">man &lt;iconography&gt;</subfield>
    </datafield>
    <datafield ind1=" " ind2=" " tag="BKL">
      <subfield code="a">Bildende K&#xFC;nstler</subfield>
    </datafield>
    <datafield ind1=" " ind2=" " tag="BKL">
      <subfield code="a">art history: visual artists</subfield>
    </datafield>
    <datafield ind1=" " ind2=" " tag="BKL">
      <subfield code="a">visual artists &lt;art history&gt;</subfield>
    </datafield>
    <datafield ind1=" " ind2=" " tag="BKL">
      <subfield code="a">Photographen</subfield>
    </datafield>
    <datafield ind1=" " ind2=" " tag="BKL">
      <subfield code="a">Modedesigner</subfield>
    </datafield>
    <datafield ind1=" " ind2=" " tag="BKL">
      <subfield code="a">Photographie: Sonstiges</subfield>
    </datafield>
    <datafield ind1=" " ind2=" " tag="BKL">
      <subfield code="a">photographic art: other</subfield>
    </datafield>
    <datafield ind1=" " ind2=" " tag="SWD">
      <subfield code="s">Arbeiterklasse</subfield>
      <subfield code="h">Motiv</subfield>
      <subfield code="9">(DE-588)4132011-6</subfield>
    </datafield>
    <datafield ind1=" " ind2=" " tag="SWD">
      <subfield code="s">Arbeiterklasse</subfield>
      <subfield code="h">Motiv</subfield>
      <subfield code="9">(DE-588)4132011-6</subfield>
    </datafield>
    <datafield ind1=" " ind2=" " tag="AVA">
      <subfield code="a">AKW50</subfield>
      <subfield code="b">XAW1</subfield>
      <subfield code="c">BP Magazin (l&#xE4;ngere Aushebezeiten)</subfield>
      <subfield code="d">D30811</subfield>
      <subfield code="e">available</subfield>
      <subfield code="t">Verf&#xFC;gbar</subfield>
      <subfield code="f">1</subfield>
      <subfield code="g">0</subfield>
      <subfield code="h">N</subfield>
      <subfield code="i">0</subfield>
      <subfield code="j">MAG4</subfield>
    </datafield>
    <datafield ind1="-" ind2="1" tag="Z30">
      <subfield code="1">XAW1</subfield>
      <subfield code="2">MAG4</subfield>
      <subfield code="3">D30811</subfield>
      <subfield code="g">37298</subfield>
    </datafield>
  </record>