
  <record>
    <leader>00930pM2.01200024------h</leader>
    <controlfield tag="LDR">00930pM2.01200024------h</controlfield>
    <controlfield tag="FMT">MH</controlfield>
    <datafield ind1="-" ind2="1" tag="001">
      <subfield code="a">AC09424897</subfield>
    </datafield>
    <datafield ind1="b" ind2="1" tag="002">
      <subfield code="a">20120813</subfield>
    </datafield>
    <datafield ind1="a" ind2="1" tag="025">
      <subfield code="a">1023102927</subfield>
    </datafield>
    <controlfield tag="030">a|1ucr|z|||37</controlfield>
    <datafield ind1="a" ind2="1" tag="036">
      <subfield code="a">XA-AT</subfield>
    </datafield>
    <datafield ind1="b" ind2="1" tag="037">
      <subfield code="a">ger</subfield>
      <subfield code="a">eng</subfield>
    </datafield>
    <controlfield tag="050">a|a|||||||||||</controlfield>
    <controlfield tag="051">skf|w|||</controlfield>
    <datafield ind1="a" ind2="1" tag="070">
      <subfield code="a">DNB</subfield>
    </datafield>
    <datafield ind1="s" ind2="1" tag="076">
      <subfield code="a">12</subfield>
    </datafield>
    <datafield ind1="b" ind2="1" tag="100">
      <subfield code="p">Chaloupek, G&#xFC;nther K.</subfield>
      <subfield code="d">1947-</subfield>
      <subfield code="9">(DE-588)170211886</subfield>
      <subfield code="b">[Hrsg.]</subfield>
    </datafield>
    <datafield ind1="-" ind2="1" tag="331">
      <subfield code="a">75 Jahre general theory of employment, interest, and money</subfield>
    </datafield>
    <datafield ind1="-" ind2="1" tag="359">
      <subfield code="a">G&#xFC;nther Chaloupek ; Markus Marterbauer (Hrsg.)</subfield>
    </datafield>
    <datafield ind1="a" ind2="1" tag="370">
      <subfield code="a">F&#xFC;nfundsiebzig Jahre general theory of employment, interest, and money</subfield>
    </datafield>
    <datafield ind1="-" ind2="1" tag="410">
      <subfield code="a">Wien</subfield>
    </datafield>
    <datafield ind1="-" ind2="1" tag="412">
      <subfield code="a">LexisNexis-Verl. ARD ORAC</subfield>
    </datafield>
    <datafield ind1="a" ind2="1" tag="425">
      <subfield code="a">2012</subfield>
    </datafield>
    <datafield ind1="-" ind2="1" tag="433">
      <subfield code="a">176 S.</subfield>
    </datafield>
    <datafield ind1="-" ind2="1" tag="434">
      <subfield code="a">graph. Darst.</subfield>
    </datafield>
    <datafield ind1="-" ind2="1" tag="435">
      <subfield code="a">24 cm</subfield>
    </datafield>
    <datafield ind1="-" ind2="1" tag="451">
      <subfield code="a">Reihe "Wirtschaftswissenschaftliche Tagungen der Arbeiterkammer Wien" ; 17</subfield>
    </datafield>
    <datafield ind1="r" ind2="1" tag="453">
      <subfield code="a">AC00766881</subfield>
    </datafield>
    <datafield ind1="b" ind2="1" tag="454">
      <subfield code="a">Kammer f&#xFC;r Arbeiter und Angestellte f&#xFC;r Wien: Reihe Wirtschaftswissenschaftliche Tagungen der Arbeiterkammer Wien</subfield>
    </datafield>
    <datafield ind1="-" ind2="1" tag="455">
      <subfield code="a">17</subfield>
    </datafield>
    <datafield ind1="-" ind2="1" tag="456">
      <subfield code="a">17</subfield>
    </datafield>
    <datafield ind1="a" ind2="1" tag="516">
      <subfield code="a">Beitr. teilw. dt., teilw. engl.</subfield>
    </datafield>
    <datafield ind1="-" ind2="1" tag="517">
      <subfield code="a">Literaturangaben</subfield>
    </datafield>
    <datafield ind1="a" ind2="1" tag="540">
      <subfield code="a">978-3-7007-5290-5</subfield>
      <subfield code="b">kart. : EUR 20,00 ; EUR 19,50 (DE) ; CHF 35,00</subfield>
    </datafield>
    <datafield ind1="a" ind2="1" tag="553">
      <subfield code="a">9783700752905</subfield>
    </datafield>
    <datafield ind1="-" ind2="1" tag="580">
      <subfield code="a">OeB2014,A,05 330</subfield>
    </datafield>
    <datafield ind1="e" ind2="1" tag="655">
      <subfield code="m">X:MVB</subfield>
      <subfield code="q">text/html</subfield>
      <subfield code="u">http://deposit.d-nb.de/cgi-bin/dokserv?id=4053383&amp;prov=M&amp;dok_var=1&amp;dok_ext=htm</subfield>
      <subfield code="3">Inhaltstext</subfield>
      <subfield code="A">2</subfield>
    </datafield>
    <datafield ind1="e" ind2="1" tag="655">
      <subfield code="m">V:AT-OBV;B:AT-OeNB</subfield>
      <subfield code="q">application/pdf</subfield>
      <subfield code="u">http://media.obvsg.at/AC09424897-1003</subfield>
      <subfield code="x">ONB</subfield>
      <subfield code="3">Inhaltsverzeichnis</subfield>
      <subfield code="A">2</subfield>
    </datafield>
    <datafield ind1="x" ind2="1" tag="700">
      <subfield code="a">330 Wirtschaft, Wirtschaftswissenschaften</subfield>
      <subfield code="c">22</subfield>
    </datafield>
    <datafield ind1="f" ind2="1" tag="700">
      <subfield code="a">83.02</subfield>
      <subfield code="b">Philosophie und Theorie der Volkswirtschaft</subfield>
    </datafield>
    <datafield ind1="u" ind2="1" tag="740">
      <subfield code="a">Paperback / softback</subfield>
    </datafield>
    <datafield ind1="u" ind2="1" tag="740">
      <subfield code="a">Arbeit</subfield>
    </datafield>
    <datafield ind1="u" ind2="1" tag="740">
      <subfield code="a">Employment</subfield>
    </datafield>
    <datafield ind1="u" ind2="1" tag="740">
      <subfield code="a">Geldwirtschaft</subfield>
    </datafield>
    <datafield ind1="u" ind2="1" tag="740">
      <subfield code="a">Zinsen</subfield>
    </datafield>
    <datafield ind1="u" ind2="1" tag="740">
      <subfield code="a">Interest</subfield>
    </datafield>
    <datafield ind1="u" ind2="1" tag="740">
      <subfield code="a">330</subfield>
    </datafield>
    <datafield ind1="-" ind2="1" tag="902">
      <subfield code="p">Keynes, John Maynard</subfield>
      <subfield code="d">1883-1946</subfield>
      <subfield code="t">General theory of employment, interest and money</subfield>
      <subfield code="9">(DE-588)4099264-0</subfield>
    </datafield>
    <datafield ind1="-" ind2="1" tag="902">
      <subfield code="s">Keynessche Theorie</subfield>
      <subfield code="9">(DE-588)4030426-7</subfield>
    </datafield>
    <datafield ind1="-" ind2="1" tag="902">
      <subfield code="f">Kongress</subfield>
    </datafield>
    <datafield ind1="-" ind2="1" tag="902">
      <subfield code="g">Wien</subfield>
      <subfield code="9">(DE-588)4066009-6</subfield>
    </datafield>
    <controlfield tag="SYS">000360703</controlfield>
    <datafield ind1=" " ind2=" " tag="SWD">
      <subfield code="9">(DE-588)1012345-3</subfield>
    </datafield>
    <datafield ind1=" " ind2=" " tag="SWD">
      <subfield code="g">Vienna</subfield>
      <subfield code="9">(DE-588)4066009-6</subfield>
    </datafield>
    <datafield ind1=" " ind2=" " tag="SWD">
      <subfield code="g">Land Wien</subfield>
      <subfield code="9">(DE-588)4066009-6</subfield>
    </datafield>
    <datafield ind1=" " ind2=" " tag="SWD">
      <subfield code="g">Wenia</subfield>
      <subfield code="9">(DE-588)4066009-6</subfield>
    </datafield>
    <datafield ind1=" " ind2=" " tag="SWD">
      <subfield code="g">Bundesland Wien</subfield>
      <subfield code="9">(DE-588)4066009-6</subfield>
    </datafield>
    <datafield ind1=" " ind2=" " tag="SWD">
      <subfield code="g">Stadt Wien</subfield>
      <subfield code="9">(DE-588)4066009-6</subfield>
    </datafield>
    <datafield ind1=" " ind2=" " tag="SWD">
      <subfield code="g">Bundeshauptstadt Wien</subfield>
      <subfield code="9">(DE-588)4066009-6</subfield>
    </datafield>
    <datafield ind1=" " ind2=" " tag="SWD">
      <subfield code="g">Bundesunmittelbare Stadt Wien</subfield>
      <subfield code="9">(DE-588)4066009-6</subfield>
    </datafield>
    <datafield ind1=" " ind2=" " tag="SWD">
      <subfield code="g">Kaiserlich-K&#xF6;nigliche Reichshaupt- und Residenzstadt Wien</subfield>
      <subfield code="9">(DE-588)4066009-6</subfield>
    </datafield>
    <datafield ind1=" " ind2=" " tag="SWD">
      <subfield code="g">K.K. Reichshaupt- und Residenzstadt Wien</subfield>
      <subfield code="9">(DE-588)4066009-6</subfield>
    </datafield>
    <datafield ind1=" " ind2=" " tag="SWD">
      <subfield code="g">Reichshaupt- und Residenzstadt Wien</subfield>
      <subfield code="9">(DE-588)4066009-6</subfield>
    </datafield>
    <datafield ind1=" " ind2=" " tag="SWD">
      <subfield code="g">Reichsgau Wien</subfield>
      <subfield code="9">(DE-588)4066009-6</subfield>
    </datafield>
    <datafield ind1=" " ind2=" " tag="SWD">
      <subfield code="g">Wienn</subfield>
      <subfield code="9">(DE-588)4066009-6</subfield>
    </datafield>
    <datafield ind1=" " ind2=" " tag="SWD">
      <subfield code="g">Vienne</subfield>
      <subfield code="h">&#xD6;sterreich</subfield>
      <subfield code="9">(DE-588)4066009-6</subfield>
    </datafield>
    <datafield ind1=" " ind2=" " tag="SWD">
      <subfield code="g">Be&#x10D;</subfield>
      <subfield code="9">(DE-588)4066009-6</subfield>
    </datafield>
    <datafield ind1=" " ind2=" " tag="SWD">
      <subfield code="g">Viena</subfield>
      <subfield code="9">(DE-588)4066009-6</subfield>
    </datafield>
    <datafield ind1=" " ind2=" " tag="SWD">
      <subfield code="g">B&#xE9;cs</subfield>
      <subfield code="9">(DE-588)4066009-6</subfield>
    </datafield>
    <datafield ind1=" " ind2=" " tag="SWD">
      <subfield code="g">Viede&#x148;</subfield>
      <subfield code="9">(DE-588)4066009-6</subfield>
    </datafield>
    <datafield ind1=" " ind2=" " tag="SWD">
      <subfield code="g">Vinna</subfield>
      <subfield code="9">(DE-588)4066009-6</subfield>
    </datafield>
    <datafield ind1=" " ind2=" " tag="SWD">
      <subfield code="g">Wiede&#x144;</subfield>
      <subfield code="h">Wien</subfield>
      <subfield code="9">(DE-588)4066009-6</subfield>
    </datafield>
    <datafield ind1=" " ind2=" " tag="SWD">
      <subfield code="g">Vena</subfield>
      <subfield code="9">(DE-588)4066009-6</subfield>
    </datafield>
    <datafield ind1=" " ind2=" " tag="SWD">
      <subfield code="g">Wienna</subfield>
      <subfield code="9">(DE-588)4066009-6</subfield>
    </datafield>
    <datafield ind1=" " ind2=" " tag="SWD">
      <subfield code="g">Vin</subfield>
      <subfield code="9">(DE-588)4066009-6</subfield>
    </datafield>
    <datafield ind1=" " ind2=" " tag="SWD">
      <subfield code="g">Bienn&#x113;</subfield>
      <subfield code="9">(DE-588)4066009-6</subfield>
    </datafield>
    <datafield ind1=" " ind2=" " tag="SWD">
      <subfield code="g">Vienn&#x113;</subfield>
      <subfield code="9">(DE-588)4066009-6</subfield>
    </datafield>
    <datafield ind1=" " ind2=" " tag="SWD">
      <subfield code="g">W&#x12B;n</subfield>
      <subfield code="9">(DE-588)4066009-6</subfield>
    </datafield>
    <datafield ind1=" " ind2=" " tag="SWD">
      <subfield code="g">Vjen&#xEB;</subfield>
      <subfield code="9">(DE-588)4066009-6</subfield>
    </datafield>
    <datafield ind1=" " ind2=" " tag="SWD">
      <subfield code="g">Vindobona</subfield>
      <subfield code="h">Wien</subfield>
      <subfield code="9">(DE-588)4066009-6</subfield>
    </datafield>
    <datafield ind1=" " ind2=" " tag="SWD">
      <subfield code="g">Vienna Pannoniae</subfield>
      <subfield code="9">(DE-588)4066009-6</subfield>
    </datafield>
    <datafield ind1=" " ind2=" " tag="SWD">
      <subfield code="g">Vindobona</subfield>
      <subfield code="9">(DE-588)4066009-6</subfield>
    </datafield>
    <datafield ind1=" " ind2=" " tag="SWD">
      <subfield code="g">Vienna</subfield>
      <subfield code="h">Austriae</subfield>
      <subfield code="9">(DE-588)4066009-6</subfield>
    </datafield>
    <datafield ind1=" " ind2=" " tag="SWD">
      <subfield code="g">Vienne</subfield>
      <subfield code="9">(DE-588)4066009-6</subfield>
    </datafield>
    <datafield ind1=" " ind2=" " tag="SWD">
      <subfield code="g">Gemeinde Wien</subfield>
      <subfield code="9">(DE-588)4066009-6</subfield>
    </datafield>
    <datafield ind1=" " ind2=" " tag="SWD">
      <subfield code="g">Vienna Fluviorum</subfield>
      <subfield code="9">(DE-588)4066009-6</subfield>
    </datafield>
    <datafield ind1=" " ind2=" " tag="SWD">
      <subfield code="9">(DE-588)1012345-3</subfield>
    </datafield>
    <datafield ind1=" " ind2=" " tag="SWD">
      <subfield code="g">Vienna</subfield>
      <subfield code="9">(DE-588)4066009-6</subfield>
    </datafield>
    <datafield ind1=" " ind2=" " tag="SWD">
      <subfield code="g">Land Wien</subfield>
      <subfield code="9">(DE-588)4066009-6</subfield>
    </datafield>
    <datafield ind1=" " ind2=" " tag="SWD">
      <subfield code="g">Wenia</subfield>
      <subfield code="9">(DE-588)4066009-6</subfield>
    </datafield>
    <datafield ind1=" " ind2=" " tag="SWD">
      <subfield code="g">Bundesland Wien</subfield>
      <subfield code="9">(DE-588)4066009-6</subfield>
    </datafield>
    <datafield ind1=" " ind2=" " tag="SWD">
      <subfield code="g">Stadt Wien</subfield>
      <subfield code="9">(DE-588)4066009-6</subfield>
    </datafield>
    <datafield ind1=" " ind2=" " tag="SWD">
      <subfield code="g">Bundeshauptstadt Wien</subfield>
      <subfield code="9">(DE-588)4066009-6</subfield>
    </datafield>
    <datafield ind1=" " ind2=" " tag="SWD">
      <subfield code="g">Bundesunmittelbare Stadt Wien</subfield>
      <subfield code="9">(DE-588)4066009-6</subfield>
    </datafield>
    <datafield ind1=" " ind2=" " tag="SWD">
      <subfield code="g">Kaiserlich-K&#xF6;nigliche Reichshaupt- und Residenzstadt Wien</subfield>
      <subfield code="9">(DE-588)4066009-6</subfield>
    </datafield>
    <datafield ind1=" " ind2=" " tag="SWD">
      <subfield code="g">K.K. Reichshaupt- und Residenzstadt Wien</subfield>
      <subfield code="9">(DE-588)4066009-6</subfield>
    </datafield>
    <datafield ind1=" " ind2=" " tag="SWD">
      <subfield code="g">Reichshaupt- und Residenzstadt Wien</subfield>
      <subfield code="9">(DE-588)4066009-6</subfield>
    </datafield>
    <datafield ind1=" " ind2=" " tag="SWD">
      <subfield code="g">Reichsgau Wien</subfield>
      <subfield code="9">(DE-588)4066009-6</subfield>
    </datafield>
    <datafield ind1=" " ind2=" " tag="SWD">
      <subfield code="g">Wienn</subfield>
      <subfield code="9">(DE-588)4066009-6</subfield>
    </datafield>
    <datafield ind1=" " ind2=" " tag="SWD">
      <subfield code="g">Vienne</subfield>
      <subfield code="h">&#xD6;sterreich</subfield>
      <subfield code="9">(DE-588)4066009-6</subfield>
    </datafield>
    <datafield ind1=" " ind2=" " tag="SWD">
      <subfield code="g">Be&#x10D;</subfield>
      <subfield code="9">(DE-588)4066009-6</subfield>
    </datafield>
    <datafield ind1=" " ind2=" " tag="SWD">
      <subfield code="g">Viena</subfield>
      <subfield code="9">(DE-588)4066009-6</subfield>
    </datafield>
    <datafield ind1=" " ind2=" " tag="SWD">
      <subfield code="g">B&#xE9;cs</subfield>
      <subfield code="9">(DE-588)4066009-6</subfield>
    </datafield>
    <datafield ind1=" " ind2=" " tag="SWD">
      <subfield code="g">Viede&#x148;</subfield>
      <subfield code="9">(DE-588)4066009-6</subfield>
    </datafield>
    <datafield ind1=" " ind2=" " tag="SWD">
      <subfield code="g">Vinna</subfield>
      <subfield code="9">(DE-588)4066009-6</subfield>
    </datafield>
    <datafield ind1=" " ind2=" " tag="SWD">
      <subfield code="g">Wiede&#x144;</subfield>
      <subfield code="h">Wien</subfield>
      <subfield code="9">(DE-588)4066009-6</subfield>
    </datafield>
    <datafield ind1=" " ind2=" " tag="SWD">
      <subfield code="g">Vena</subfield>
      <subfield code="9">(DE-588)4066009-6</subfield>
    </datafield>
    <datafield ind1=" " ind2=" " tag="SWD">
      <subfield code="g">Wienna</subfield>
      <subfield code="9">(DE-588)4066009-6</subfield>
    </datafield>
    <datafield ind1=" " ind2=" " tag="SWD">
      <subfield code="g">Vin</subfield>
      <subfield code="9">(DE-588)4066009-6</subfield>
    </datafield>
    <datafield ind1=" " ind2=" " tag="SWD">
      <subfield code="g">Bienn&#x113;</subfield>
      <subfield code="9">(DE-588)4066009-6</subfield>
    </datafield>
    <datafield ind1=" " ind2=" " tag="SWD">
      <subfield code="g">Vienn&#x113;</subfield>
      <subfield code="9">(DE-588)4066009-6</subfield>
    </datafield>
    <datafield ind1=" " ind2=" " tag="SWD">
      <subfield code="g">W&#x12B;n</subfield>
      <subfield code="9">(DE-588)4066009-6</subfield>
    </datafield>
    <datafield ind1=" " ind2=" " tag="SWD">
      <subfield code="g">Vjen&#xEB;</subfield>
      <subfield code="9">(DE-588)4066009-6</subfield>
    </datafield>
    <datafield ind1=" " ind2=" " tag="SWD">
      <subfield code="g">Vindobona</subfield>
      <subfield code="h">Wien</subfield>
      <subfield code="9">(DE-588)4066009-6</subfield>
    </datafield>
    <datafield ind1=" " ind2=" " tag="SWD">
      <subfield code="g">Vienna Pannoniae</subfield>
      <subfield code="9">(DE-588)4066009-6</subfield>
    </datafield>
    <datafield ind1=" " ind2=" " tag="SWD">
      <subfield code="g">Vindobona</subfield>
      <subfield code="9">(DE-588)4066009-6</subfield>
    </datafield>
    <datafield ind1=" " ind2=" " tag="SWD">
      <subfield code="g">Vienna</subfield>
      <subfield code="h">Austriae</subfield>
      <subfield code="9">(DE-588)4066009-6</subfield>
    </datafield>
    <datafield ind1=" " ind2=" " tag="SWD">
      <subfield code="g">Vienne</subfield>
      <subfield code="9">(DE-588)4066009-6</subfield>
    </datafield>
    <datafield ind1=" " ind2=" " tag="SWD">
      <subfield code="g">Gemeinde Wien</subfield>
      <subfield code="9">(DE-588)4066009-6</subfield>
    </datafield>
    <datafield ind1=" " ind2=" " tag="SWD">
      <subfield code="g">Vienna Fluviorum</subfield>
      <subfield code="9">(DE-588)4066009-6</subfield>
    </datafield>
    <datafield ind1=" " ind2=" " tag="PER">
      <subfield code="p">Chaloupek, G&#xFC;nther</subfield>
      <subfield code="d">1947-</subfield>
      <subfield code="9">(DE-588)170211886</subfield>
    </datafield>
    <datafield ind1=" " ind2=" " tag="PER">
      <subfield code="p">Chaloupek, G.</subfield>
      <subfield code="d">1947-</subfield>
      <subfield code="9">(DE-588)170211886</subfield>
    </datafield>
    <datafield ind1=" " ind2=" " tag="PER">
      <subfield code="p">Chaloupek, G&#xFC;nther Karl</subfield>
      <subfield code="d">1947-</subfield>
      <subfield code="9">(DE-588)170211886</subfield>
    </datafield>
    <datafield ind1=" " ind2=" " tag="PER">
      <subfield code="p">Chaloupek, G&#xFC;nther</subfield>
      <subfield code="d">1947-</subfield>
      <subfield code="9">(DE-588)170211886</subfield>
    </datafield>
    <datafield ind1=" " ind2=" " tag="PER">
      <subfield code="p">Chaloupek, G.</subfield>
      <subfield code="d">1947-</subfield>
      <subfield code="9">(DE-588)170211886</subfield>
    </datafield>
    <datafield ind1=" " ind2=" " tag="PER">
      <subfield code="p">Chaloupek, G&#xFC;nther Karl</subfield>
      <subfield code="d">1947-</subfield>
      <subfield code="9">(DE-588)170211886</subfield>
    </datafield>
    <datafield ind1=" " ind2=" " tag="SWD">
      <subfield code="p">Keynes, John Maynard</subfield>
      <subfield code="d">1883-1946</subfield>
      <subfield code="t">&lt;&lt;Die&gt;&gt; allgemeine Theorie der Besch&#xE4;ftigung, des Zinses und des Geldes</subfield>
      <subfield code="9">(DE-588)4099264-0</subfield>
    </datafield>
    <datafield ind1=" " ind2=" " tag="SWD">
      <subfield code="p">Keynes, John Maynard</subfield>
      <subfield code="d">1883-1946</subfield>
      <subfield code="t">&lt;&lt;Die&gt;&gt; allgemeine Theorie der Besch&#xE4;ftigung, des Zinses und des Geldes</subfield>
      <subfield code="9">(DE-588)4099264-0</subfield>
    </datafield>
    <datafield ind1=" " ind2=" " tag="SWD">
      <subfield code="p">Keynes, John Maynard</subfield>
      <subfield code="x">Keynessche Theorie</subfield>
      <subfield code="9">(DE-588)4030426-7</subfield>
    </datafield>
    <datafield ind1=" " ind2=" " tag="SWD">
      <subfield code="s">Keynesianismus</subfield>
      <subfield code="9">(DE-588)4030426-7</subfield>
    </datafield>
    <datafield ind1=" " ind2=" " tag="SWD">
      <subfield code="s">Keynes-Theorie</subfield>
      <subfield code="9">(DE-588)4030426-7</subfield>
    </datafield>
    <datafield ind1=" " ind2=" " tag="SWD">
      <subfield code="p">Keynes, John Maynard</subfield>
      <subfield code="x">Keynessche Theorie</subfield>
      <subfield code="9">(DE-588)4030426-7</subfield>
    </datafield>
    <datafield ind1=" " ind2=" " tag="SWD">
      <subfield code="s">Keynesianismus</subfield>
      <subfield code="9">(DE-588)4030426-7</subfield>
    </datafield>
    <datafield ind1=" " ind2=" " tag="SWD">
      <subfield code="s">Keynes-Theorie</subfield>
      <subfield code="9">(DE-588)4030426-7</subfield>
    </datafield>
    <datafield ind1=" " ind2=" " tag="BKL">
      <subfield code="a">Philosophie und Theorie der Volkswirtschaft</subfield>
    </datafield>
    <datafield ind1=" " ind2=" " tag="BKL">
      <subfield code="a">philosophy and theory of economics</subfield>
    </datafield>
    <datafield ind1=" " ind2=" " tag="BKL">
      <subfield code="a">Schulen der Volkswirtschaftslehre</subfield>
    </datafield>
    <datafield ind1=" " ind2=" " tag="BKL">
      <subfield code="a">Wirtschaftsethik</subfield>
    </datafield>
    <datafield ind1=" " ind2=" " tag="AVA">
      <subfield code="a">AKW50</subfield>
      <subfield code="b">XAW1</subfield>
      <subfield code="c">Hauptmagazin</subfield>
      <subfield code="d">B143365</subfield>
      <subfield code="e">available</subfield>
      <subfield code="t">Verf&#xFC;gbar</subfield>
      <subfield code="f">2</subfield>
      <subfield code="g">0</subfield>
      <subfield code="h">N</subfield>
      <subfield code="i">2</subfield>
      <subfield code="j">MAG1</subfield>
    </datafield>
    <datafield ind1="-" ind2="1" tag="Z30">
      <subfield code="1">XAW1</subfield>
      <subfield code="2">MAG1</subfield>
      <subfield code="3">B143365</subfield>
    </datafield>
    <datafield ind1="-" ind2="1" tag="Z30">
      <subfield code="1">XAW1</subfield>
      <subfield code="2">MAG1</subfield>
      <subfield code="3">B146523/17</subfield>
    </datafield>
  </record>