
  <record>
    <leader>00667nM2.01200024------h</leader>
    <controlfield tag="LDR">00667nM2.01200024------h</controlfield>
    <controlfield tag="FMT">MH</controlfield>
    <datafield ind1="-" ind2="1" tag="001">
      <subfield code="a">AC09435661</subfield>
    </datafield>
    <datafield ind1="b" ind2="1" tag="002">
      <subfield code="a">20120828</subfield>
    </datafield>
    <datafield ind1="-" ind2="1" tag="025">
      <subfield code="a">SBRT3609780</subfield>
    </datafield>
    <controlfield tag="030">e|5z|||z|||17</controlfield>
    <datafield ind1="a" ind2="1" tag="036">
      <subfield code="a">RU</subfield>
    </datafield>
    <datafield ind1="b" ind2="1" tag="037">
      <subfield code="a">rus</subfield>
    </datafield>
    <controlfield tag="050">a|a|||||||||||</controlfield>
    <controlfield tag="051">m|||||||</controlfield>
    <datafield ind1="a" ind2="1" tag="070">
      <subfield code="a">GBV</subfield>
    </datafield>
    <datafield ind1="-" ind2="1" tag="100">
      <subfield code="a">Chesin, Efim Samojlovi&#x10D;</subfield>
    </datafield>
    <datafield ind1="b" ind2="1" tag="200">
      <subfield code="k">Institut Mirovoj &#x116;konomiki i Me&#x17E;dunarodnych Otno&#x161;enij</subfield>
      <subfield code="9">(DE-588)2014390-4</subfield>
    </datafield>
    <datafield ind1="-" ind2="1" tag="331">
      <subfield code="a">Strachovye monopolii i ich rol' v &#x117;konomike i politike Anglii</subfield>
    </datafield>
    <datafield ind1="-" ind2="1" tag="410">
      <subfield code="a">Moskva</subfield>
    </datafield>
    <datafield ind1="-" ind2="1" tag="412">
      <subfield code="a">Akad.</subfield>
    </datafield>
    <datafield ind1="a" ind2="1" tag="425">
      <subfield code="a">1963</subfield>
    </datafield>
    <datafield ind1="-" ind2="1" tag="433">
      <subfield code="a">287 S.</subfield>
    </datafield>
    <datafield ind1="-" ind2="1" tag="503">
      <subfield code="a">Die Versicherungsmonopole u. ihre Rolle in der Wirtschaft u. Politik Englands</subfield>
    </datafield>
    <datafield ind1="b" ind2="1" tag="516">
      <subfield code="a">In kyrill. Schrift</subfield>
    </datafield>
    <datafield ind1="x" ind2="1" tag="700">
      <subfield code="a">368 Versicherungen, Versicherungswirtschaft, Sozialversicherung</subfield>
      <subfield code="c">22</subfield>
    </datafield>
    <datafield ind1="x" ind2="1" tag="700">
      <subfield code="a">330 Wirtschaft, Wirtschaftswissenschaften</subfield>
      <subfield code="c">22</subfield>
    </datafield>
    <controlfield tag="SYS">000361876</controlfield>
    <datafield ind1=" " ind2=" " tag="KOR">
      <subfield code="k">Akademija Nauk SSSR</subfield>
      <subfield code="b">Institut Mirovoj &#x116;konomiki i Me&#x17E;dunarodnych Otno&#x161;enij</subfield>
      <subfield code="9">(DE-588)2014390-4</subfield>
    </datafield>
    <datafield ind1=" " ind2=" " tag="KOR">
      <subfield code="k">Akademija Nauk SSSR</subfield>
      <subfield code="b">Institut f&#xFC;r Weltwirtschaft und Internationale Beziehungen</subfield>
      <subfield code="9">(DE-588)2014390-4</subfield>
    </datafield>
    <datafield ind1=" " ind2=" " tag="KOR">
      <subfield code="k">Akademija Nauk SSSR</subfield>
      <subfield code="b">Institute of World Economy and International Relations</subfield>
      <subfield code="9">(DE-588)2014390-4</subfield>
    </datafield>
    <datafield ind1=" " ind2=" " tag="KOR">
      <subfield code="k">Akademija Nauk SSSR</subfield>
      <subfield code="b">Ordena Trudovogo Krasnogo Znameni Institut Mirovoj &#x116;konomiki i Me&#x17E;dunarodnych Otno&#x161;enij</subfield>
      <subfield code="9">(DE-588)2014390-4</subfield>
    </datafield>
    <datafield ind1=" " ind2=" " tag="KOR">
      <subfield code="k">Institut f&#xFC;r Weltwirtschaft und Internationale Beziehungen</subfield>
      <subfield code="9">(DE-588)2014390-4</subfield>
    </datafield>
    <datafield ind1=" " ind2=" " tag="KOR">
      <subfield code="k">Institute of World Economy and International Relations</subfield>
      <subfield code="9">(DE-588)2014390-4</subfield>
    </datafield>
    <datafield ind1=" " ind2=" " tag="KOR">
      <subfield code="k">Ordena Trudovogo Krasnogo Znameni Institut Mirovoj &#x116;konomiki i Me&#x17E;dunarodnych Otno&#x161;enij</subfield>
      <subfield code="9">(DE-588)2014390-4</subfield>
    </datafield>
    <datafield ind1=" " ind2=" " tag="KOR">
      <subfield code="k">IMEMO</subfield>
      <subfield code="9">(DE-588)2014390-4</subfield>
    </datafield>
    <datafield ind1=" " ind2=" " tag="KOR">
      <subfield code="k">Rossijskaja Akademija Nauk</subfield>
      <subfield code="b">Institut Mirovoj &#x116;konomiki i Me&#x17E;dunarodnych Otno&#x161;enij</subfield>
      <subfield code="9">(DE-588)2014390-4</subfield>
    </datafield>
    <datafield ind1=" " ind2=" " tag="KOR">
      <subfield code="k">Rossijskaja Akademija Nauk</subfield>
      <subfield code="b">Institut f&#xFC;r Weltwirtschaft und Internationale Beziehungen</subfield>
      <subfield code="9">(DE-588)2014390-4</subfield>
    </datafield>
    <datafield ind1=" " ind2=" " tag="KOR">
      <subfield code="k">Rossijskaja Akademija Nauk</subfield>
      <subfield code="b">Institute of World Economy and International Relations</subfield>
      <subfield code="9">(DE-588)2014390-4</subfield>
    </datafield>
    <datafield ind1=" " ind2=" " tag="KOR">
      <subfield code="k">Rossijskaja Akademija Nauk</subfield>
      <subfield code="b">Ordena Trudovogo Krasnogo Znameni Institut Mirovoj &#x116;konomiki i Me&#x17E;dunarodnych Otno&#x161;enij</subfield>
      <subfield code="9">(DE-588)2014390-4</subfield>
    </datafield>
    <datafield ind1=" " ind2=" " tag="KOR">
      <subfield code="k">Akademija Nauk SSSR</subfield>
      <subfield code="b">Institut Mirovoj &#x116;konomiki i Me&#x17E;dunarodnych Otno&#x161;enij</subfield>
      <subfield code="9">(DE-588)2014390-4</subfield>
    </datafield>
    <datafield ind1=" " ind2=" " tag="KOR">
      <subfield code="k">Akademija Nauk SSSR</subfield>
      <subfield code="b">Institut f&#xFC;r Weltwirtschaft und Internationale Beziehungen</subfield>
      <subfield code="9">(DE-588)2014390-4</subfield>
    </datafield>
    <datafield ind1=" " ind2=" " tag="KOR">
      <subfield code="k">Akademija Nauk SSSR</subfield>
      <subfield code="b">Institute of World Economy and International Relations</subfield>
      <subfield code="9">(DE-588)2014390-4</subfield>
    </datafield>
    <datafield ind1=" " ind2=" " tag="KOR">
      <subfield code="k">Akademija Nauk SSSR</subfield>
      <subfield code="b">Ordena Trudovogo Krasnogo Znameni Institut Mirovoj &#x116;konomiki i Me&#x17E;dunarodnych Otno&#x161;enij</subfield>
      <subfield code="9">(DE-588)2014390-4</subfield>
    </datafield>
    <datafield ind1=" " ind2=" " tag="KOR">
      <subfield code="k">Institut f&#xFC;r Weltwirtschaft und Internationale Beziehungen</subfield>
      <subfield code="9">(DE-588)2014390-4</subfield>
    </datafield>
    <datafield ind1=" " ind2=" " tag="KOR">
      <subfield code="k">Institute of World Economy and International Relations</subfield>
      <subfield code="9">(DE-588)2014390-4</subfield>
    </datafield>
    <datafield ind1=" " ind2=" " tag="KOR">
      <subfield code="k">Ordena Trudovogo Krasnogo Znameni Institut Mirovoj &#x116;konomiki i Me&#x17E;dunarodnych Otno&#x161;enij</subfield>
      <subfield code="9">(DE-588)2014390-4</subfield>
    </datafield>
    <datafield ind1=" " ind2=" " tag="KOR">
      <subfield code="k">IMEMO</subfield>
      <subfield code="9">(DE-588)2014390-4</subfield>
    </datafield>
    <datafield ind1=" " ind2=" " tag="KOR">
      <subfield code="k">Rossijskaja Akademija Nauk</subfield>
      <subfield code="b">Institut Mirovoj &#x116;konomiki i Me&#x17E;dunarodnych Otno&#x161;enij</subfield>
      <subfield code="9">(DE-588)2014390-4</subfield>
    </datafield>
    <datafield ind1=" " ind2=" " tag="KOR">
      <subfield code="k">Rossijskaja Akademija Nauk</subfield>
      <subfield code="b">Institut f&#xFC;r Weltwirtschaft und Internationale Beziehungen</subfield>
      <subfield code="9">(DE-588)2014390-4</subfield>
    </datafield>
    <datafield ind1=" " ind2=" " tag="KOR">
      <subfield code="k">Rossijskaja Akademija Nauk</subfield>
      <subfield code="b">Institute of World Economy and International Relations</subfield>
      <subfield code="9">(DE-588)2014390-4</subfield>
    </datafield>
    <datafield ind1=" " ind2=" " tag="KOR">
      <subfield code="k">Rossijskaja Akademija Nauk</subfield>
      <subfield code="b">Ordena Trudovogo Krasnogo Znameni Institut Mirovoj &#x116;konomiki i Me&#x17E;dunarodnych Otno&#x161;enij</subfield>
      <subfield code="9">(DE-588)2014390-4</subfield>
    </datafield>
    <datafield ind1=" " ind2=" " tag="AVA">
      <subfield code="a">AKW50</subfield>
      <subfield code="b">XAW1</subfield>
      <subfield code="c">Magazin 1</subfield>
      <subfield code="d">B42285</subfield>
      <subfield code="e">available</subfield>
      <subfield code="t">Verf&#xFC;gbar</subfield>
      <subfield code="f">1</subfield>
      <subfield code="g">0</subfield>
      <subfield code="h">N</subfield>
      <subfield code="i">0</subfield>
      <subfield code="j">MAG1</subfield>
    </datafield>
    <datafield ind1="-" ind2="1" tag="Z30">
      <subfield code="1">XAW1</subfield>
      <subfield code="2">MAG1</subfield>
      <subfield code="3">B42285</subfield>
    </datafield>
  </record>