
  <record>
    <leader>00369nM2.01200024------h</leader>
    <controlfield tag="LDR">00369nM2.01200024------h</controlfield>
    <controlfield tag="FMT">MH</controlfield>
    <datafield ind1="-" ind2="1" tag="001">
      <subfield code="a">AC04079967</subfield>
    </datafield>
    <controlfield tag="030">z|1dcr|||||17</controlfield>
    <datafield ind1="a" ind2="1" tag="036">
      <subfield code="a">AT</subfield>
    </datafield>
    <datafield ind1="b" ind2="1" tag="037">
      <subfield code="a">ger</subfield>
    </datafield>
    <controlfield tag="050">|||a||||||||||</controlfield>
    <controlfield tag="051">m||||||</controlfield>
    <datafield ind1="s" ind2="1" tag="076">
      <subfield code="a">54</subfield>
    </datafield>
    <datafield ind1="-" ind2="1" tag="100">
      <subfield code="p">Deutsch, Julius</subfield>
      <subfield code="d">1884-1968</subfield>
      <subfield code="9">(DE-588)118678027</subfield>
    </datafield>
    <datafield ind1="-" ind2="1" tag="331">
      <subfield code="a">Antifaschismus!</subfield>
    </datafield>
    <datafield ind1="-" ind2="1" tag="335">
      <subfield code="a">Proletarische Wehrhaftigkeit im Kampfe gegen den Faschismus</subfield>
    </datafield>
    <datafield ind1="-" ind2="1" tag="410">
      <subfield code="a">Wien</subfield>
    </datafield>
    <datafield ind1="-" ind2="1" tag="412">
      <subfield code="a">Wiener Volksbuchhandlung</subfield>
    </datafield>
    <datafield ind1="a" ind2="1" tag="425">
      <subfield code="a">1926</subfield>
    </datafield>
    <datafield ind1="-" ind2="1" tag="433">
      <subfield code="a">118 S.</subfield>
    </datafield>
    <datafield ind1="-" ind2="1" tag="435">
      <subfield code="a">19 cm</subfield>
    </datafield>
    <datafield ind1="-" ind2="1" tag="516">
      <subfield code="a">In Fraktur</subfield>
    </datafield>
    <datafield ind1="x" ind2="1" tag="700">
      <subfield code="a">320 Politikwissenschaft, Politik</subfield>
      <subfield code="c">22</subfield>
    </datafield>
    <controlfield tag="SYS">000363787</controlfield>
    <datafield ind1=" " ind2=" " tag="PER">
      <subfield code="p">Deutsch, J.</subfield>
      <subfield code="d">1884-1968</subfield>
      <subfield code="9">(DE-588)118678027</subfield>
    </datafield>
    <datafield ind1=" " ind2=" " tag="PER">
      <subfield code="p">Deutsch, J.</subfield>
      <subfield code="d">1884-1968</subfield>
      <subfield code="9">(DE-588)118678027</subfield>
    </datafield>
    <datafield ind1=" " ind2=" " tag="AVA">
      <subfield code="a">AKW50</subfield>
      <subfield code="b">XAW1</subfield>
      <subfield code="c">Magazin 1</subfield>
      <subfield code="d">B1968</subfield>
      <subfield code="e">available</subfield>
      <subfield code="t">Verf&#xFC;gbar</subfield>
      <subfield code="f">1</subfield>
      <subfield code="g">0</subfield>
      <subfield code="h">N</subfield>
      <subfield code="i">0</subfield>
      <subfield code="j">MAG1</subfield>
    </datafield>
    <datafield ind1="-" ind2="1" tag="Z30">
      <subfield code="1">XAW1</subfield>
      <subfield code="2">MAG1</subfield>
      <subfield code="3">B1968</subfield>
    </datafield>
  </record>