
  <record>
    <leader>00720cM2.01200024------h</leader>
    <controlfield tag="LDR">00720cM2.01200024------h</controlfield>
    <controlfield tag="FMT">MH</controlfield>
    <datafield ind1="-" ind2="1" tag="001">
      <subfield code="a">AC02798479</subfield>
    </datafield>
    <datafield ind1="a" ind2="1" tag="025">
      <subfield code="a">1033141747</subfield>
    </datafield>
    <datafield ind1="z" ind2="1" tag="025">
      <subfield code="a">2710204-X</subfield>
    </datafield>
    <controlfield tag="030">b|1dcz|z|||37</controlfield>
    <datafield ind1="a" ind2="1" tag="036">
      <subfield code="a">XA-AT</subfield>
    </datafield>
    <datafield ind1="b" ind2="1" tag="037">
      <subfield code="a">ger</subfield>
    </datafield>
    <controlfield tag="050">a|a|||||||||||</controlfield>
    <controlfield tag="052">z||||||zw||||||</controlfield>
    <datafield ind1="a" ind2="1" tag="070">
      <subfield code="a">DNB</subfield>
    </datafield>
    <datafield ind1="b" ind2="1" tag="086">
      <subfield code="a">C9305</subfield>
    </datafield>
    <datafield ind1="c" ind2="1" tag="086">
      <subfield code="a">ZSabg</subfield>
    </datafield>
    <datafield ind1="-" ind2="1" tag="331">
      <subfield code="a">&lt;&lt;Die&gt;&gt; Wende</subfield>
    </datafield>
    <datafield ind1="-" ind2="1" tag="335">
      <subfield code="a">das &#xF6;sterreichische Jugendmagazin</subfield>
    </datafield>
    <datafield ind1="a" ind2="1" tag="370">
      <subfield code="a">&lt;&lt;Die&gt;&gt; Wende mit Opal</subfield>
    </datafield>
    <datafield ind1="a" ind2="1" tag="370">
      <subfield code="a">mit Opal</subfield>
    </datafield>
    <datafield ind1="-" ind2="1" tag="405">
      <subfield code="a">25.1970,41(11.Okt.) - 37.1982,52(26.Dez.); damit Ersch. eingest.</subfield>
    </datafield>
    <datafield ind1="a" ind2="1" tag="406">
      <subfield code="d">25</subfield>
      <subfield code="e">41</subfield>
      <subfield code="j">1970</subfield>
      <subfield code="n">37</subfield>
      <subfield code="o">52</subfield>
      <subfield code="k">1982</subfield>
    </datafield>
    <datafield ind1="-" ind2="1" tag="410">
      <subfield code="a">Graz</subfield>
    </datafield>
    <datafield ind1="-" ind2="1" tag="412">
      <subfield code="a">Styria</subfield>
    </datafield>
    <datafield ind1="b" ind2="1" tag="425">
      <subfield code="a">1970</subfield>
    </datafield>
    <datafield ind1="c" ind2="1" tag="425">
      <subfield code="a">1982</subfield>
    </datafield>
    <datafield ind1="-" ind2="1" tag="507">
      <subfield code="a">Zusatz bis 30.1975,40(5.Okt.): mit Opal. - Zusatz ab 32.1977,5(30.Jan.)</subfield>
    </datafield>
    <datafield ind1="-" ind2="1" tag="523">
      <subfield code="a">Periodizit&#xE4;t: w&#xF6;chentl.</subfield>
    </datafield>
    <datafield ind1="z" ind2="1" tag="531">
      <subfield code="p">Vorg. ---&gt;</subfield>
      <subfield code="a">&lt;&lt;Die&gt;&gt; Wende aktuell</subfield>
      <subfield code="9">2710165-4</subfield>
    </datafield>
    <datafield ind1="z" ind2="1" tag="531">
      <subfield code="p">Vorg. ---&gt;</subfield>
      <subfield code="a">Opal</subfield>
      <subfield code="9">532964-4</subfield>
    </datafield>
    <datafield ind1="b" ind2="1" tag="673">
      <subfield code="a">Graz</subfield>
      <subfield code="9">4021912-4</subfield>
    </datafield>
    <datafield ind1="x" ind2="1" tag="700">
      <subfield code="a">200 Religion</subfield>
      <subfield code="c">22</subfield>
    </datafield>
    <controlfield tag="SYS">000389157</controlfield>
    <datafield ind1=" " ind2="9" tag="071">
      <subfield code="a">AKW</subfield>
      <subfield code="2">XAW1</subfield>
    </datafield>
    <datafield ind1=" " ind2="9" tag="200">
      <subfield code="b">25.1970,41(11.Okt.) - 37.1982,52(26.Dez.)</subfield>
      <subfield code="f">C9305</subfield>
      <subfield code="g">ZSabg</subfield>
      <subfield code="2">AKW</subfield>
    </datafield>
    <datafield ind1=" " ind2="9" tag="NTU">
      <subfield code="a">FSW-Bestand</subfield>
      <subfield code="2">XAW1</subfield>
    </datafield>
    <datafield ind1=" " ind2="9" tag="OWN">
      <subfield code="a">XAW1</subfield>
    </datafield>
  </record>