
  <record>
    <leader>00563nM2.01200024------h</leader>
    <controlfield tag="LDR">00563nM2.01200024------h</controlfield>
    <controlfield tag="FMT">MH</controlfield>
    <datafield ind1="-" ind2="1" tag="001">
      <subfield code="a">AC11072821</subfield>
    </datafield>
    <datafield ind1="b" ind2="1" tag="002">
      <subfield code="a">20131015</subfield>
    </datafield>
    <controlfield tag="030">zz5d||rz|||17</controlfield>
    <datafield ind1="a" ind2="1" tag="036">
      <subfield code="a">IT</subfield>
    </datafield>
    <datafield ind1="b" ind2="1" tag="037">
      <subfield code="a">ita</subfield>
    </datafield>
    <controlfield tag="050">a|||||||||||||</controlfield>
    <controlfield tag="051">m|||||||</controlfield>
    <datafield ind1="s" ind2="1" tag="076">
      <subfield code="a">09</subfield>
    </datafield>
    <datafield ind1="-" ind2="1" tag="100">
      <subfield code="a">Corradi, Cristina</subfield>
    </datafield>
    <datafield ind1="-" ind2="1" tag="331">
      <subfield code="a">Storia dei marxismi in Italia</subfield>
    </datafield>
    <datafield ind1="-" ind2="1" tag="359">
      <subfield code="a">Cristina Corradi</subfield>
    </datafield>
    <datafield ind1="-" ind2="1" tag="403">
      <subfield code="a">Nuova ed.</subfield>
    </datafield>
    <datafield ind1="-" ind2="1" tag="410">
      <subfield code="a">Roma</subfield>
    </datafield>
    <datafield ind1="-" ind2="1" tag="412">
      <subfield code="a">Manifestolibri</subfield>
    </datafield>
    <datafield ind1="a" ind2="1" tag="425">
      <subfield code="a">2011</subfield>
    </datafield>
    <datafield ind1="-" ind2="1" tag="433">
      <subfield code="a">373 S.</subfield>
    </datafield>
    <datafield ind1="-" ind2="1" tag="451">
      <subfield code="a">&lt;&lt;La&gt;&gt; nuova talpa</subfield>
    </datafield>
    <datafield ind1="-" ind2="1" tag="501">
      <subfield code="a">Literaturverz. S. 358 - 373</subfield>
    </datafield>
    <datafield ind1="a" ind2="1" tag="540">
      <subfield code="a">978-88-7285-696-3</subfield>
    </datafield>
    <datafield ind1="e" ind2="1" tag="655">
      <subfield code="u">http://bvbr.bib-bvb.de:8991/F?func=service&amp;doc_library=BVB01&amp;doc_number=014159971&amp;line_number=0001&amp;func_code=DB_RECORDS&amp;service_type=MEDIA</subfield>
    </datafield>
    <datafield ind1="x" ind2="1" tag="700">
      <subfield code="a">335 Sozialismus und verwandte Systeme</subfield>
      <subfield code="c">22</subfield>
    </datafield>
    <datafield ind1="-" ind2="1" tag="902">
      <subfield code="g">Italien</subfield>
      <subfield code="9">(DE-588)4027833-5</subfield>
    </datafield>
    <datafield ind1="-" ind2="1" tag="902">
      <subfield code="s">Marxismus</subfield>
      <subfield code="9">(DE-588)4037764-7</subfield>
    </datafield>
    <datafield ind1="-" ind2="1" tag="902">
      <subfield code="z">Geschichte</subfield>
    </datafield>
    <controlfield tag="SYS">000396392</controlfield>
    <datafield ind1=" " ind2=" " tag="SWD">
      <subfield code="g">Italia</subfield>
      <subfield code="9">(DE-588)4027833-5</subfield>
    </datafield>
    <datafield ind1=" " ind2=" " tag="SWD">
      <subfield code="g">K&#xF6;nigreich Italien</subfield>
      <subfield code="9">(DE-588)4027833-5</subfield>
    </datafield>
    <datafield ind1=" " ind2=" " tag="SWD">
      <subfield code="g">Repubblica Italiana</subfield>
      <subfield code="9">(DE-588)4027833-5</subfield>
    </datafield>
    <datafield ind1=" " ind2=" " tag="SWD">
      <subfield code="g">Italiya Respublikasi</subfield>
      <subfield code="9">(DE-588)4027833-5</subfield>
    </datafield>
    <datafield ind1=" " ind2=" " tag="SWD">
      <subfield code="g">Italijos Respublika</subfield>
      <subfield code="9">(DE-588)4027833-5</subfield>
    </datafield>
    <datafield ind1=" " ind2=" " tag="SWD">
      <subfield code="g">Olaszorsza&#x1F5;</subfield>
      <subfield code="9">(DE-588)4027833-5</subfield>
    </datafield>
    <datafield ind1=" " ind2=" " tag="SWD">
      <subfield code="g">Olasz Koz&#x34F;&#x308;ta&#x155;sasa&#x1F5;</subfield>
      <subfield code="9">(DE-588)4027833-5</subfield>
    </datafield>
    <datafield ind1=" " ind2=" " tag="SWD">
      <subfield code="g">Regno d'Italia</subfield>
      <subfield code="h">1861-</subfield>
      <subfield code="9">(DE-588)4027833-5</subfield>
    </datafield>
    <datafield ind1=" " ind2=" " tag="SWD">
      <subfield code="g">Italienische Republik</subfield>
      <subfield code="9">(DE-588)4027833-5</subfield>
    </datafield>
    <datafield ind1=" " ind2=" " tag="SWD">
      <subfield code="g">R&#xE9;publique Italienne</subfield>
      <subfield code="9">(DE-588)4027833-5</subfield>
    </datafield>
    <datafield ind1=" " ind2=" " tag="SWD">
      <subfield code="g">Yidali-gongheguo</subfield>
      <subfield code="9">(DE-588)4027833-5</subfield>
    </datafield>
    <datafield ind1=" " ind2=" " tag="SWD">
      <subfield code="g">Italy</subfield>
      <subfield code="9">(DE-588)4027833-5</subfield>
    </datafield>
    <datafield ind1=" " ind2=" " tag="SWD">
      <subfield code="9">(DE-588)2016493-2</subfield>
    </datafield>
    <datafield ind1=" " ind2=" " tag="SWD">
      <subfield code="g">Italia</subfield>
      <subfield code="9">(DE-588)4027833-5</subfield>
    </datafield>
    <datafield ind1=" " ind2=" " tag="SWD">
      <subfield code="g">K&#xF6;nigreich Italien</subfield>
      <subfield code="9">(DE-588)4027833-5</subfield>
    </datafield>
    <datafield ind1=" " ind2=" " tag="SWD">
      <subfield code="g">Repubblica Italiana</subfield>
      <subfield code="9">(DE-588)4027833-5</subfield>
    </datafield>
    <datafield ind1=" " ind2=" " tag="SWD">
      <subfield code="g">Italiya Respublikasi</subfield>
      <subfield code="9">(DE-588)4027833-5</subfield>
    </datafield>
    <datafield ind1=" " ind2=" " tag="SWD">
      <subfield code="g">Italijos Respublika</subfield>
      <subfield code="9">(DE-588)4027833-5</subfield>
    </datafield>
    <datafield ind1=" " ind2=" " tag="SWD">
      <subfield code="g">Olaszorsza&#x1F5;</subfield>
      <subfield code="9">(DE-588)4027833-5</subfield>
    </datafield>
    <datafield ind1=" " ind2=" " tag="SWD">
      <subfield code="g">Olasz Koz&#x34F;&#x308;ta&#x155;sasa&#x1F5;</subfield>
      <subfield code="9">(DE-588)4027833-5</subfield>
    </datafield>
    <datafield ind1=" " ind2=" " tag="SWD">
      <subfield code="g">Regno d'Italia</subfield>
      <subfield code="h">1861-</subfield>
      <subfield code="9">(DE-588)4027833-5</subfield>
    </datafield>
    <datafield ind1=" " ind2=" " tag="SWD">
      <subfield code="g">Italienische Republik</subfield>
      <subfield code="9">(DE-588)4027833-5</subfield>
    </datafield>
    <datafield ind1=" " ind2=" " tag="SWD">
      <subfield code="g">R&#xE9;publique Italienne</subfield>
      <subfield code="9">(DE-588)4027833-5</subfield>
    </datafield>
    <datafield ind1=" " ind2=" " tag="SWD">
      <subfield code="g">Yidali-gongheguo</subfield>
      <subfield code="9">(DE-588)4027833-5</subfield>
    </datafield>
    <datafield ind1=" " ind2=" " tag="SWD">
      <subfield code="g">Italy</subfield>
      <subfield code="9">(DE-588)4027833-5</subfield>
    </datafield>
    <datafield ind1=" " ind2=" " tag="SWD">
      <subfield code="9">(DE-588)2016493-2</subfield>
    </datafield>
    <datafield ind1=" " ind2=" " tag="SWD">
      <subfield code="s">Marxistische Theorie</subfield>
      <subfield code="9">(DE-588)4037764-7</subfield>
    </datafield>
    <datafield ind1=" " ind2=" " tag="SWD">
      <subfield code="s">Marxistische Theorie</subfield>
      <subfield code="9">(DE-588)4037764-7</subfield>
    </datafield>
    <datafield ind1=" " ind2=" " tag="AVA">
      <subfield code="a">AKW50</subfield>
      <subfield code="b">XAW1</subfield>
      <subfield code="c">Magazin 1</subfield>
      <subfield code="d">B147776</subfield>
      <subfield code="e">available</subfield>
      <subfield code="t">Verf&#xFC;gbar</subfield>
      <subfield code="f">1</subfield>
      <subfield code="g">0</subfield>
      <subfield code="h">N</subfield>
      <subfield code="i">0</subfield>
      <subfield code="j">MAG1</subfield>
    </datafield>
    <datafield ind1="-" ind2="1" tag="Z30">
      <subfield code="1">XAW1</subfield>
      <subfield code="2">MAG1</subfield>
      <subfield code="3">B147776</subfield>
      <subfield code="g">42447</subfield>
    </datafield>
  </record>