
  <record>
    <leader>00000nM2.01200024------h</leader>
    <controlfield tag="LDR">00000nM2.01200024------h</controlfield>
    <controlfield tag="FMT">MH</controlfield>
    <datafield ind1="-" ind2="1" tag="001">
      <subfield code="a">AC11600222</subfield>
    </datafield>
    <controlfield tag="030">a|1ucr|||||17</controlfield>
    <datafield ind1="a" ind2="1" tag="036">
      <subfield code="a">AT</subfield>
    </datafield>
    <datafield ind1="b" ind2="1" tag="037">
      <subfield code="a">ger</subfield>
    </datafield>
    <controlfield tag="050">||||||||g|||||</controlfield>
    <controlfield tag="051">m|||||||</controlfield>
    <controlfield tag="058">cr||||||||||||</controlfield>
    <datafield ind1="s" ind2="1" tag="076">
      <subfield code="a">10</subfield>
    </datafield>
    <datafield ind1="-" ind2="1" tag="100">
      <subfield code="a">Tr&#xF6;ger, Nina</subfield>
    </datafield>
    <datafield ind1="b" ind2="1" tag="200">
      <subfield code="k">Kammer f&#xFC;r Arbeiter und Angestellte f&#xFC;r Wien</subfield>
      <subfield code="b">Abteilung Konsumentenpolitik</subfield>
      <subfield code="9">(DE-588)3019864-1</subfield>
    </datafield>
    <datafield ind1="-" ind2="1" tag="331">
      <subfield code="a">Mit weniger Einkommen weiterhin auskommen</subfield>
    </datafield>
    <datafield ind1="-" ind2="1" tag="334">
      <subfield code="a">Elektronische Ressource</subfield>
    </datafield>
    <datafield ind1="-" ind2="1" tag="335">
      <subfield code="a">finanzielle Einbu&#xDF;en und deren Herausforderungen f&#xFC;r das Konsumhandeln Jugendlicher</subfield>
    </datafield>
    <datafield ind1="-" ind2="1" tag="359">
      <subfield code="a">Nina Tr&#xF6;ger. Abteilung Konsumentenpolitik der Kammer f&#xFC;r Arbeiter und Angestellte f&#xFC;r Wien</subfield>
    </datafield>
    <datafield ind1="-" ind2="1" tag="403">
      <subfield code="a">Stand: Februar 2014</subfield>
    </datafield>
    <datafield ind1="-" ind2="1" tag="410">
      <subfield code="a">Wien</subfield>
    </datafield>
    <datafield ind1="-" ind2="1" tag="412">
      <subfield code="a">AK Wien</subfield>
    </datafield>
    <datafield ind1="a" ind2="1" tag="425">
      <subfield code="a">2014</subfield>
    </datafield>
    <datafield ind1="-" ind2="1" tag="433">
      <subfield code="a">37 S.</subfield>
    </datafield>
    <datafield ind1="-" ind2="1" tag="434">
      <subfield code="a">graph. Darst.</subfield>
    </datafield>
    <datafield ind1="-" ind2="1" tag="517">
      <subfield code="a">Literaturverz. S. 33 - 34</subfield>
    </datafield>
    <datafield ind1="z" ind2="1" tag="527">
      <subfield code="p">Druck-Ausg.</subfield>
      <subfield code="a">Tr&#xF6;ger, Nina: Mit weniger Einkommen weiterhin auskommen</subfield>
      <subfield code="9">AC11439204</subfield>
    </datafield>
    <datafield ind1="-" ind2="1" tag="652">
      <subfield code="a">Online Ressource</subfield>
    </datafield>
    <datafield ind1="e" ind2="1" tag="655">
      <subfield code="m">V:AT-OBV;B:AT-AKW</subfield>
      <subfield code="q">application/pdf</subfield>
      <subfield code="u">http://media.obvsg.at/AC11600222-2001</subfield>
      <subfield code="x">AKW</subfield>
      <subfield code="3">Volltext</subfield>
    </datafield>
    <datafield ind1="x" ind2="1" tag="700">
      <subfield code="a">381.3 Verbraucherfragen, Konsumentenschutz</subfield>
      <subfield code="c">22</subfield>
    </datafield>
    <datafield ind1="-" ind2="1" tag="902">
      <subfield code="g">&#xD6;sterreich</subfield>
      <subfield code="9">(DE-588)4043271-3</subfield>
    </datafield>
    <datafield ind1="-" ind2="1" tag="902">
      <subfield code="s">Jugend</subfield>
      <subfield code="9">(DE-588)4028859-6</subfield>
    </datafield>
    <datafield ind1="-" ind2="1" tag="902">
      <subfield code="s">Einkommensentwicklung</subfield>
      <subfield code="9">(DE-588)4151338-1</subfield>
    </datafield>
    <datafield ind1="-" ind2="1" tag="902">
      <subfield code="s">Verbraucherverhalten</subfield>
      <subfield code="9">(DE-588)4062644-1</subfield>
    </datafield>
    <datafield ind1="-" ind2="1" tag="902">
      <subfield code="a">AKW</subfield>
    </datafield>
    <controlfield tag="SYS">000404710</controlfield>
    <datafield ind1=" " ind2=" " tag="SWD">
      <subfield code="9">(DE-588)35878-2</subfield>
    </datafield>
    <datafield ind1=" " ind2=" " tag="SWD">
      <subfield code="g">&lt;&lt;Die&gt;&gt; im Reichsrat vertretenen K&#xF6;nigreiche und L&#xE4;nder</subfield>
      <subfield code="h">&#xD6;sterreich</subfield>
      <subfield code="9">(DE-588)4043271-3</subfield>
    </datafield>
    <datafield ind1=" " ind2=" " tag="SWD">
      <subfield code="g">Zisleithanien</subfield>
      <subfield code="9">(DE-588)4043271-3</subfield>
    </datafield>
    <datafield ind1=" " ind2=" " tag="SWD">
      <subfield code="g">Cisleithanien</subfield>
      <subfield code="9">(DE-588)4043271-3</subfield>
    </datafield>
    <datafield ind1=" " ind2=" " tag="SWD">
      <subfield code="g">Habsburgermonarchie</subfield>
      <subfield code="9">(DE-588)4043271-3</subfield>
    </datafield>
    <datafield ind1=" " ind2=" " tag="SWD">
      <subfield code="g">Habsburgerreich</subfield>
      <subfield code="9">(DE-588)4043271-3</subfield>
    </datafield>
    <datafield ind1=" " ind2=" " tag="SWD">
      <subfield code="g">Austria</subfield>
      <subfield code="9">(DE-588)4043271-3</subfield>
    </datafield>
    <datafield ind1=" " ind2=" " tag="SWD">
      <subfield code="g">Republik &#xD6;sterreich</subfield>
      <subfield code="9">(DE-588)4043271-3</subfield>
    </datafield>
    <datafield ind1=" " ind2=" " tag="SWD">
      <subfield code="g">&#xD6;sterreich</subfield>
      <subfield code="h">Zweite Republik</subfield>
      <subfield code="9">(DE-588)4043271-3</subfield>
    </datafield>
    <datafield ind1=" " ind2=" " tag="SWD">
      <subfield code="g">Bundesstaat &#xD6;sterreich</subfield>
      <subfield code="9">(DE-588)4043271-3</subfield>
    </datafield>
    <datafield ind1=" " ind2=" " tag="SWD">
      <subfield code="g">&#xD6;sterreich</subfield>
      <subfield code="h">Erste Republik</subfield>
      <subfield code="9">(DE-588)4043271-3</subfield>
    </datafield>
    <datafield ind1=" " ind2=" " tag="SWD">
      <subfield code="g">Deutsch&#xF6;sterreich</subfield>
      <subfield code="9">(DE-588)4043271-3</subfield>
    </datafield>
    <datafield ind1=" " ind2=" " tag="SWD">
      <subfield code="g">Staat Deutsch&#xF6;sterreich</subfield>
      <subfield code="9">(DE-588)4043271-3</subfield>
    </datafield>
    <datafield ind1=" " ind2=" " tag="SWD">
      <subfield code="g">Land &#xD6;sterreich</subfield>
      <subfield code="9">(DE-588)4043271-3</subfield>
    </datafield>
    <datafield ind1=" " ind2=" " tag="SWD">
      <subfield code="g">Kaisertum &#xD6;sterreich</subfield>
      <subfield code="9">(DE-588)4043271-3</subfield>
    </datafield>
    <datafield ind1=" " ind2=" " tag="SWD">
      <subfield code="g">Kaiserthum &#xD6;sterreich</subfield>
      <subfield code="9">(DE-588)4043271-3</subfield>
    </datafield>
    <datafield ind1=" " ind2=" " tag="SWD">
      <subfield code="g">&#xD6;sterreichische Monarchie</subfield>
      <subfield code="9">(DE-588)4043271-3</subfield>
    </datafield>
    <datafield ind1=" " ind2=" " tag="SWD">
      <subfield code="g">Ostmark</subfield>
      <subfield code="h">&#xD6;sterreich</subfield>
      <subfield code="9">(DE-588)4043271-3</subfield>
    </datafield>
    <datafield ind1=" " ind2=" " tag="SWD">
      <subfield code="g">Autriche</subfield>
      <subfield code="9">(DE-588)4043271-3</subfield>
    </datafield>
    <datafield ind1=" " ind2=" " tag="SWD">
      <subfield code="g">Austrya</subfield>
      <subfield code="9">(DE-588)4043271-3</subfield>
    </datafield>
    <datafield ind1=" " ind2=" " tag="SWD">
      <subfield code="g">Austrja</subfield>
      <subfield code="9">(DE-588)4043271-3</subfield>
    </datafield>
    <datafield ind1=" " ind2=" " tag="SWD">
      <subfield code="g">Ostmark</subfield>
      <subfield code="9">(DE-588)4043271-3</subfield>
    </datafield>
    <datafield ind1=" " ind2=" " tag="SWD">
      <subfield code="9">(DE-588)1085175685</subfield>
    </datafield>
    <datafield ind1=" " ind2=" " tag="SWD">
      <subfield code="9">(DE-588)1087268060</subfield>
    </datafield>
    <datafield ind1=" " ind2=" " tag="SWD">
      <subfield code="9">(DE-588)35878-2</subfield>
    </datafield>
    <datafield ind1=" " ind2=" " tag="SWD">
      <subfield code="g">&lt;&lt;Die&gt;&gt; im Reichsrat vertretenen K&#xF6;nigreiche und L&#xE4;nder</subfield>
      <subfield code="h">&#xD6;sterreich</subfield>
      <subfield code="9">(DE-588)4043271-3</subfield>
    </datafield>
    <datafield ind1=" " ind2=" " tag="SWD">
      <subfield code="g">Zisleithanien</subfield>
      <subfield code="9">(DE-588)4043271-3</subfield>
    </datafield>
    <datafield ind1=" " ind2=" " tag="SWD">
      <subfield code="g">Cisleithanien</subfield>
      <subfield code="9">(DE-588)4043271-3</subfield>
    </datafield>
    <datafield ind1=" " ind2=" " tag="SWD">
      <subfield code="g">Habsburgermonarchie</subfield>
      <subfield code="9">(DE-588)4043271-3</subfield>
    </datafield>
    <datafield ind1=" " ind2=" " tag="SWD">
      <subfield code="g">Habsburgerreich</subfield>
      <subfield code="9">(DE-588)4043271-3</subfield>
    </datafield>
    <datafield ind1=" " ind2=" " tag="SWD">
      <subfield code="g">Austria</subfield>
      <subfield code="9">(DE-588)4043271-3</subfield>
    </datafield>
    <datafield ind1=" " ind2=" " tag="SWD">
      <subfield code="g">Republik &#xD6;sterreich</subfield>
      <subfield code="9">(DE-588)4043271-3</subfield>
    </datafield>
    <datafield ind1=" " ind2=" " tag="SWD">
      <subfield code="g">&#xD6;sterreich</subfield>
      <subfield code="h">Zweite Republik</subfield>
      <subfield code="9">(DE-588)4043271-3</subfield>
    </datafield>
    <datafield ind1=" " ind2=" " tag="SWD">
      <subfield code="g">Bundesstaat &#xD6;sterreich</subfield>
      <subfield code="9">(DE-588)4043271-3</subfield>
    </datafield>
    <datafield ind1=" " ind2=" " tag="SWD">
      <subfield code="g">&#xD6;sterreich</subfield>
      <subfield code="h">Erste Republik</subfield>
      <subfield code="9">(DE-588)4043271-3</subfield>
    </datafield>
    <datafield ind1=" " ind2=" " tag="SWD">
      <subfield code="g">Deutsch&#xF6;sterreich</subfield>
      <subfield code="9">(DE-588)4043271-3</subfield>
    </datafield>
    <datafield ind1=" " ind2=" " tag="SWD">
      <subfield code="g">Staat Deutsch&#xF6;sterreich</subfield>
      <subfield code="9">(DE-588)4043271-3</subfield>
    </datafield>
    <datafield ind1=" " ind2=" " tag="SWD">
      <subfield code="g">Land &#xD6;sterreich</subfield>
      <subfield code="9">(DE-588)4043271-3</subfield>
    </datafield>
    <datafield ind1=" " ind2=" " tag="SWD">
      <subfield code="g">Kaisertum &#xD6;sterreich</subfield>
      <subfield code="9">(DE-588)4043271-3</subfield>
    </datafield>
    <datafield ind1=" " ind2=" " tag="SWD">
      <subfield code="g">Kaiserthum &#xD6;sterreich</subfield>
      <subfield code="9">(DE-588)4043271-3</subfield>
    </datafield>
    <datafield ind1=" " ind2=" " tag="SWD">
      <subfield code="g">&#xD6;sterreichische Monarchie</subfield>
      <subfield code="9">(DE-588)4043271-3</subfield>
    </datafield>
    <datafield ind1=" " ind2=" " tag="SWD">
      <subfield code="g">Ostmark</subfield>
      <subfield code="h">&#xD6;sterreich</subfield>
      <subfield code="9">(DE-588)4043271-3</subfield>
    </datafield>
    <datafield ind1=" " ind2=" " tag="SWD">
      <subfield code="g">Autriche</subfield>
      <subfield code="9">(DE-588)4043271-3</subfield>
    </datafield>
    <datafield ind1=" " ind2=" " tag="SWD">
      <subfield code="g">Austrya</subfield>
      <subfield code="9">(DE-588)4043271-3</subfield>
    </datafield>
    <datafield ind1=" " ind2=" " tag="SWD">
      <subfield code="g">Austrja</subfield>
      <subfield code="9">(DE-588)4043271-3</subfield>
    </datafield>
    <datafield ind1=" " ind2=" " tag="SWD">
      <subfield code="g">Ostmark</subfield>
      <subfield code="9">(DE-588)4043271-3</subfield>
    </datafield>
    <datafield ind1=" " ind2=" " tag="SWD">
      <subfield code="9">(DE-588)1085175685</subfield>
    </datafield>
    <datafield ind1=" " ind2=" " tag="SWD">
      <subfield code="9">(DE-588)1087268060</subfield>
    </datafield>
    <datafield ind1=" " ind2=" " tag="SWD">
      <subfield code="s">Jugend</subfield>
      <subfield code="h">12-20 Jahre</subfield>
      <subfield code="9">(DE-588)4028859-6</subfield>
    </datafield>
    <datafield ind1=" " ind2=" " tag="SWD">
      <subfield code="s">Jugendalter</subfield>
      <subfield code="9">(DE-588)4028859-6</subfield>
    </datafield>
    <datafield ind1=" " ind2=" " tag="SWD">
      <subfield code="s">Jugendlicher</subfield>
      <subfield code="9">(DE-588)4028859-6</subfield>
    </datafield>
    <datafield ind1=" " ind2=" " tag="SWD">
      <subfield code="s">Teenager</subfield>
      <subfield code="9">(DE-588)4028859-6</subfield>
    </datafield>
    <datafield ind1=" " ind2=" " tag="SWD">
      <subfield code="s">Jugend</subfield>
      <subfield code="h">12-20 Jahre</subfield>
      <subfield code="9">(DE-588)4028859-6</subfield>
    </datafield>
    <datafield ind1=" " ind2=" " tag="SWD">
      <subfield code="s">Jugendalter</subfield>
      <subfield code="9">(DE-588)4028859-6</subfield>
    </datafield>
    <datafield ind1=" " ind2=" " tag="SWD">
      <subfield code="s">Jugendlicher</subfield>
      <subfield code="9">(DE-588)4028859-6</subfield>
    </datafield>
    <datafield ind1=" " ind2=" " tag="SWD">
      <subfield code="s">Teenager</subfield>
      <subfield code="9">(DE-588)4028859-6</subfield>
    </datafield>
    <datafield ind1=" " ind2=" " tag="SWD">
      <subfield code="s">Einkommen</subfield>
      <subfield code="x">Entwicklung</subfield>
      <subfield code="9">(DE-588)4151338-1</subfield>
    </datafield>
    <datafield ind1=" " ind2=" " tag="SWD">
      <subfield code="s">Einkommen</subfield>
      <subfield code="x">Entwicklung</subfield>
      <subfield code="9">(DE-588)4151338-1</subfield>
    </datafield>
    <datafield ind1=" " ind2=" " tag="SWD">
      <subfield code="s">K&#xE4;uferverhalten</subfield>
      <subfield code="h">Verbraucherverhalten</subfield>
      <subfield code="9">(DE-588)4062644-1</subfield>
    </datafield>
    <datafield ind1=" " ind2=" " tag="SWD">
      <subfield code="s">Konsumverhalten</subfield>
      <subfield code="9">(DE-588)4062644-1</subfield>
    </datafield>
    <datafield ind1=" " ind2=" " tag="SWD">
      <subfield code="s">Verbrauchergewohnheiten</subfield>
      <subfield code="9">(DE-588)4062644-1</subfield>
    </datafield>
    <datafield ind1=" " ind2=" " tag="SWD">
      <subfield code="s">Konsumentenverhalten</subfield>
      <subfield code="9">(DE-588)4062644-1</subfield>
    </datafield>
    <datafield ind1=" " ind2=" " tag="SWD">
      <subfield code="s">Kundenverhalten</subfield>
      <subfield code="9">(DE-588)4062644-1</subfield>
    </datafield>
    <datafield ind1=" " ind2=" " tag="SWD">
      <subfield code="s">Verbraucher</subfield>
      <subfield code="x">Verhalten</subfield>
      <subfield code="9">(DE-588)4062644-1</subfield>
    </datafield>
    <datafield ind1=" " ind2=" " tag="SWD">
      <subfield code="s">K&#xE4;uferverhalten</subfield>
      <subfield code="h">Verbraucherverhalten</subfield>
      <subfield code="9">(DE-588)4062644-1</subfield>
    </datafield>
    <datafield ind1=" " ind2=" " tag="SWD">
      <subfield code="s">Konsumverhalten</subfield>
      <subfield code="9">(DE-588)4062644-1</subfield>
    </datafield>
    <datafield ind1=" " ind2=" " tag="SWD">
      <subfield code="s">Verbrauchergewohnheiten</subfield>
      <subfield code="9">(DE-588)4062644-1</subfield>
    </datafield>
    <datafield ind1=" " ind2=" " tag="SWD">
      <subfield code="s">Konsumentenverhalten</subfield>
      <subfield code="9">(DE-588)4062644-1</subfield>
    </datafield>
    <datafield ind1=" " ind2=" " tag="SWD">
      <subfield code="s">Kundenverhalten</subfield>
      <subfield code="9">(DE-588)4062644-1</subfield>
    </datafield>
    <datafield ind1=" " ind2=" " tag="SWD">
      <subfield code="s">Verbraucher</subfield>
      <subfield code="x">Verhalten</subfield>
      <subfield code="9">(DE-588)4062644-1</subfield>
    </datafield>
  </record>