
  <record>
    <leader>00608pM2.01200024------h</leader>
    <controlfield tag="LDR">00608pM2.01200024------h</controlfield>
    <controlfield tag="FMT">MH</controlfield>
    <datafield ind1="-" ind2="1" tag="001">
      <subfield code="a">AC10703072</subfield>
    </datafield>
    <datafield ind1="b" ind2="1" tag="002">
      <subfield code="a">20130204</subfield>
    </datafield>
    <datafield ind1="a" ind2="1" tag="025">
      <subfield code="a">1028988176</subfield>
    </datafield>
    <controlfield tag="030">u|1daz|z|||37</controlfield>
    <datafield ind1="a" ind2="1" tag="036">
      <subfield code="a">XA-DE-BY</subfield>
    </datafield>
    <datafield ind1="b" ind2="1" tag="037">
      <subfield code="a">ger</subfield>
      <subfield code="a">spa</subfield>
    </datafield>
    <controlfield tag="050">a|a|||||||||||</controlfield>
    <controlfield tag="051">m|||z|||</controlfield>
    <datafield ind1="a" ind2="1" tag="070">
      <subfield code="a">DNB</subfield>
    </datafield>
    <datafield ind1="s" ind2="1" tag="076">
      <subfield code="a">18</subfield>
    </datafield>
    <datafield ind1="b" ind2="1" tag="100">
      <subfield code="a">Epple, Barbara</subfield>
    </datafield>
    <datafield ind1="b" ind2="1" tag="200">
      <subfield code="k">Langenscheidt-Redaktion</subfield>
      <subfield code="9">(DE-588)5135491-3</subfield>
    </datafield>
    <datafield ind1="-" ind2="1" tag="331">
      <subfield code="a">Langenscheidt Taschenw&#xF6;rterbuch Spanisch</subfield>
    </datafield>
    <datafield ind1="-" ind2="1" tag="335">
      <subfield code="a">Spanisch-Deutsch, Deutsch-Spanisch ; [Buch + online]</subfield>
    </datafield>
    <datafield ind1="-" ind2="1" tag="359">
      <subfield code="a">hrsg. von der Langenscheidt-Redaktion. [Projektleitung: Barbara Epple]</subfield>
    </datafield>
    <datafield ind1="a" ind2="1" tag="370">
      <subfield code="a">Taschenw&#xF6;rterbuch Spanisch</subfield>
    </datafield>
    <datafield ind1="-" ind2="1" tag="403">
      <subfield code="a">Neubearb.</subfield>
    </datafield>
    <datafield ind1="-" ind2="1" tag="410">
      <subfield code="a">M&#xFC;nchen ; Wien</subfield>
    </datafield>
    <datafield ind1="-" ind2="1" tag="412">
      <subfield code="a">Langenscheidt</subfield>
    </datafield>
    <datafield ind1="a" ind2="1" tag="425">
      <subfield code="a">2013</subfield>
    </datafield>
    <datafield ind1="-" ind2="1" tag="433">
      <subfield code="a">1680 S.</subfield>
    </datafield>
    <datafield ind1="-" ind2="1" tag="435">
      <subfield code="a">16 cm</subfield>
    </datafield>
    <datafield ind1="-" ind2="1" tag="501">
      <subfield code="a">Zus&#xE4;tzliches Online-Angebot unter www.woerterbuch.langenscheidt.de/print</subfield>
    </datafield>
    <datafield ind1="-" ind2="1" tag="517">
      <subfield code="a">Rund 130.000 Stichw&#xF6;rter und Wendungen</subfield>
    </datafield>
    <datafield ind1="a" ind2="1" tag="540">
      <subfield code="a">978-3-468-11353-6</subfield>
      <subfield code="b">flex. Kunststoff : EUR 24.99 (DE), EUR 25.70 (AT), ca. sfr 37.90 (freier Pr.)</subfield>
    </datafield>
    <datafield ind1="a" ind2="1" tag="540">
      <subfield code="a">3-468-11353-6</subfield>
    </datafield>
    <datafield ind1="a" ind2="1" tag="553">
      <subfield code="a">9783468113536</subfield>
    </datafield>
    <datafield ind1="b" ind2="1" tag="700">
      <subfield code="a">463.31</subfield>
      <subfield code="c">22ger</subfield>
      <subfield code="z">DNB</subfield>
    </datafield>
    <datafield ind1="g" ind2="1" tag="700">
      <subfield code="a">IM 6865</subfield>
    </datafield>
    <datafield ind1="-" ind2="1" tag="902">
      <subfield code="s">Spanisch</subfield>
      <subfield code="9">(DE-588)4077640-2</subfield>
    </datafield>
    <datafield ind1="-" ind2="1" tag="902">
      <subfield code="s">W&#xF6;rterbuch</subfield>
      <subfield code="9">(DE-588)4066724-8</subfield>
    </datafield>
    <datafield ind1="-" ind2="1" tag="902">
      <subfield code="s">Deutsch</subfield>
      <subfield code="9">(DE-588)4113292-0</subfield>
    </datafield>
    <controlfield tag="SYS">000414819</controlfield>
    <datafield ind1=" " ind2=" " tag="SWD">
      <subfield code="s">Kastilisch</subfield>
      <subfield code="9">(DE-588)4077640-2</subfield>
    </datafield>
    <datafield ind1=" " ind2=" " tag="SWD">
      <subfield code="s">Spanische Sprache</subfield>
      <subfield code="9">(DE-588)4077640-2</subfield>
    </datafield>
    <datafield ind1=" " ind2=" " tag="SWD">
      <subfield code="s">Kastilisch</subfield>
      <subfield code="9">(DE-588)4077640-2</subfield>
    </datafield>
    <datafield ind1=" " ind2=" " tag="SWD">
      <subfield code="s">Spanische Sprache</subfield>
      <subfield code="9">(DE-588)4077640-2</subfield>
    </datafield>
    <datafield ind1=" " ind2=" " tag="SWD">
      <subfield code="s">Reallexikon</subfield>
      <subfield code="h">Formschlagwort</subfield>
      <subfield code="9">(DE-588)4066724-8</subfield>
    </datafield>
    <datafield ind1=" " ind2=" " tag="SWD">
      <subfield code="s">Sachw&#xF6;rterbuch</subfield>
      <subfield code="h">Formschlagwort</subfield>
      <subfield code="9">(DE-588)4066724-8</subfield>
    </datafield>
    <datafield ind1=" " ind2=" " tag="SWD">
      <subfield code="s">Sprachw&#xF6;rterbuch</subfield>
      <subfield code="9">(DE-588)4066724-8</subfield>
    </datafield>
    <datafield ind1=" " ind2=" " tag="SWD">
      <subfield code="s">Vokabular</subfield>
      <subfield code="h">W&#xF6;rterbuch</subfield>
      <subfield code="9">(DE-588)4066724-8</subfield>
    </datafield>
    <datafield ind1=" " ind2=" " tag="SWD">
      <subfield code="s">Vokabularium</subfield>
      <subfield code="9">(DE-588)4066724-8</subfield>
    </datafield>
    <datafield ind1=" " ind2=" " tag="SWD">
      <subfield code="s">W&#xF6;rterb&#xFC;cher</subfield>
      <subfield code="9">(DE-588)4066724-8</subfield>
    </datafield>
    <datafield ind1=" " ind2=" " tag="SWD">
      <subfield code="s">Dictionary</subfield>
      <subfield code="9">(DE-588)4066724-8</subfield>
    </datafield>
    <datafield ind1=" " ind2=" " tag="SWD">
      <subfield code="s">Reallexikon</subfield>
      <subfield code="h">Formschlagwort</subfield>
      <subfield code="9">(DE-588)4066724-8</subfield>
    </datafield>
    <datafield ind1=" " ind2=" " tag="SWD">
      <subfield code="s">Sachw&#xF6;rterbuch</subfield>
      <subfield code="h">Formschlagwort</subfield>
      <subfield code="9">(DE-588)4066724-8</subfield>
    </datafield>
    <datafield ind1=" " ind2=" " tag="SWD">
      <subfield code="s">Sprachw&#xF6;rterbuch</subfield>
      <subfield code="9">(DE-588)4066724-8</subfield>
    </datafield>
    <datafield ind1=" " ind2=" " tag="SWD">
      <subfield code="s">Vokabular</subfield>
      <subfield code="h">W&#xF6;rterbuch</subfield>
      <subfield code="9">(DE-588)4066724-8</subfield>
    </datafield>
    <datafield ind1=" " ind2=" " tag="SWD">
      <subfield code="s">Vokabularium</subfield>
      <subfield code="9">(DE-588)4066724-8</subfield>
    </datafield>
    <datafield ind1=" " ind2=" " tag="SWD">
      <subfield code="s">W&#xF6;rterb&#xFC;cher</subfield>
      <subfield code="9">(DE-588)4066724-8</subfield>
    </datafield>
    <datafield ind1=" " ind2=" " tag="SWD">
      <subfield code="s">Dictionary</subfield>
      <subfield code="9">(DE-588)4066724-8</subfield>
    </datafield>
    <datafield ind1=" " ind2=" " tag="SWD">
      <subfield code="s">Neuhochdeutsch</subfield>
      <subfield code="9">(DE-588)4113292-0</subfield>
    </datafield>
    <datafield ind1=" " ind2=" " tag="SWD">
      <subfield code="s">Deutsche Sprache</subfield>
      <subfield code="9">(DE-588)4113292-0</subfield>
    </datafield>
    <datafield ind1=" " ind2=" " tag="SWD">
      <subfield code="s">Hochdeutsch</subfield>
      <subfield code="9">(DE-588)4113292-0</subfield>
    </datafield>
    <datafield ind1=" " ind2=" " tag="SWD">
      <subfield code="s">Neuhochdeutsch</subfield>
      <subfield code="9">(DE-588)4113292-0</subfield>
    </datafield>
    <datafield ind1=" " ind2=" " tag="SWD">
      <subfield code="s">Deutsche Sprache</subfield>
      <subfield code="9">(DE-588)4113292-0</subfield>
    </datafield>
    <datafield ind1=" " ind2=" " tag="SWD">
      <subfield code="s">Hochdeutsch</subfield>
      <subfield code="9">(DE-588)4113292-0</subfield>
    </datafield>
    <datafield ind1=" " ind2=" " tag="KOR">
      <subfield code="k">Redacci&#xF3;n Langenscheidt</subfield>
      <subfield code="9">(DE-588)5135491-3</subfield>
    </datafield>
    <datafield ind1=" " ind2=" " tag="KOR">
      <subfield code="k">Langenscheidt GmbH &amp; Co. KG</subfield>
      <subfield code="b">Redaktion</subfield>
      <subfield code="9">(DE-588)5135491-3</subfield>
    </datafield>
    <datafield ind1=" " ind2=" " tag="KOR">
      <subfield code="k">Langenscheidt KG</subfield>
      <subfield code="b">Redaktion</subfield>
      <subfield code="9">(DE-588)5135491-3</subfield>
    </datafield>
    <datafield ind1=" " ind2=" " tag="KOR">
      <subfield code="k">Langenscheidt Editorial Staff</subfield>
      <subfield code="9">(DE-588)5135491-3</subfield>
    </datafield>
    <datafield ind1=" " ind2=" " tag="KOR">
      <subfield code="k">Redac&#xE7;&#xE3;o Langenscheidt</subfield>
      <subfield code="h">Berlin</subfield>
      <subfield code="9">(DE-588)5135491-3</subfield>
    </datafield>
    <datafield ind1=" " ind2=" " tag="KOR">
      <subfield code="k">Redacci&#xF3;n Langenscheidt</subfield>
      <subfield code="h">Berlin</subfield>
      <subfield code="9">(DE-588)5135491-3</subfield>
    </datafield>
    <datafield ind1=" " ind2=" " tag="KOR">
      <subfield code="k">Langenscheidt Editorial Staff</subfield>
      <subfield code="h">Berlin</subfield>
      <subfield code="9">(DE-588)5135491-3</subfield>
    </datafield>
    <datafield ind1=" " ind2=" " tag="KOR">
      <subfield code="k">Langenscheidt</subfield>
      <subfield code="h">Firma</subfield>
      <subfield code="b">Langenscheidt-Redaktion</subfield>
      <subfield code="9">(DE-588)5135491-3</subfield>
    </datafield>
    <datafield ind1=" " ind2=" " tag="KOR">
      <subfield code="k">Langenscheidt-Redaktion</subfield>
      <subfield code="h">Berlin</subfield>
      <subfield code="9">(DE-588)5135491-3</subfield>
    </datafield>
    <datafield ind1=" " ind2=" " tag="KOR">
      <subfield code="k">Redazione Langenscheidt</subfield>
      <subfield code="9">(DE-588)5135491-3</subfield>
    </datafield>
    <datafield ind1=" " ind2=" " tag="KOR">
      <subfield code="k">Langenscheidt KG</subfield>
      <subfield code="h">Berlin</subfield>
      <subfield code="b">Redaktion</subfield>
      <subfield code="9">(DE-588)5135491-3</subfield>
    </datafield>
    <datafield ind1=" " ind2=" " tag="KOR">
      <subfield code="k">Langenscheidt KG</subfield>
      <subfield code="h">Berlin, West</subfield>
      <subfield code="b">Redaktion</subfield>
      <subfield code="9">(DE-588)5135491-3</subfield>
    </datafield>
    <datafield ind1=" " ind2=" " tag="KOR">
      <subfield code="9">(DE-588)1081696532</subfield>
    </datafield>
    <datafield ind1=" " ind2=" " tag="KOR">
      <subfield code="9">(DE-588)16280601-2</subfield>
    </datafield>
    <datafield ind1=" " ind2=" " tag="KOR">
      <subfield code="k">Redacci&#xF3;n Langenscheidt</subfield>
      <subfield code="9">(DE-588)5135491-3</subfield>
    </datafield>
    <datafield ind1=" " ind2=" " tag="KOR">
      <subfield code="k">Langenscheidt GmbH &amp; Co. KG</subfield>
      <subfield code="b">Redaktion</subfield>
      <subfield code="9">(DE-588)5135491-3</subfield>
    </datafield>
    <datafield ind1=" " ind2=" " tag="KOR">
      <subfield code="k">Langenscheidt KG</subfield>
      <subfield code="b">Redaktion</subfield>
      <subfield code="9">(DE-588)5135491-3</subfield>
    </datafield>
    <datafield ind1=" " ind2=" " tag="KOR">
      <subfield code="k">Langenscheidt Editorial Staff</subfield>
      <subfield code="9">(DE-588)5135491-3</subfield>
    </datafield>
    <datafield ind1=" " ind2=" " tag="KOR">
      <subfield code="k">Redac&#xE7;&#xE3;o Langenscheidt</subfield>
      <subfield code="h">Berlin</subfield>
      <subfield code="9">(DE-588)5135491-3</subfield>
    </datafield>
    <datafield ind1=" " ind2=" " tag="KOR">
      <subfield code="k">Redacci&#xF3;n Langenscheidt</subfield>
      <subfield code="h">Berlin</subfield>
      <subfield code="9">(DE-588)5135491-3</subfield>
    </datafield>
    <datafield ind1=" " ind2=" " tag="KOR">
      <subfield code="k">Langenscheidt Editorial Staff</subfield>
      <subfield code="h">Berlin</subfield>
      <subfield code="9">(DE-588)5135491-3</subfield>
    </datafield>
    <datafield ind1=" " ind2=" " tag="KOR">
      <subfield code="k">Langenscheidt</subfield>
      <subfield code="h">Firma</subfield>
      <subfield code="b">Langenscheidt-Redaktion</subfield>
      <subfield code="9">(DE-588)5135491-3</subfield>
    </datafield>
    <datafield ind1=" " ind2=" " tag="KOR">
      <subfield code="k">Langenscheidt-Redaktion</subfield>
      <subfield code="h">Berlin</subfield>
      <subfield code="9">(DE-588)5135491-3</subfield>
    </datafield>
    <datafield ind1=" " ind2=" " tag="KOR">
      <subfield code="k">Redazione Langenscheidt</subfield>
      <subfield code="9">(DE-588)5135491-3</subfield>
    </datafield>
    <datafield ind1=" " ind2=" " tag="KOR">
      <subfield code="k">Langenscheidt KG</subfield>
      <subfield code="h">Berlin</subfield>
      <subfield code="b">Redaktion</subfield>
      <subfield code="9">(DE-588)5135491-3</subfield>
    </datafield>
    <datafield ind1=" " ind2=" " tag="KOR">
      <subfield code="k">Langenscheidt KG</subfield>
      <subfield code="h">Berlin, West</subfield>
      <subfield code="b">Redaktion</subfield>
      <subfield code="9">(DE-588)5135491-3</subfield>
    </datafield>
    <datafield ind1=" " ind2=" " tag="KOR">
      <subfield code="9">(DE-588)1081696532</subfield>
    </datafield>
    <datafield ind1=" " ind2=" " tag="KOR">
      <subfield code="9">(DE-588)16280601-2</subfield>
    </datafield>
    <datafield ind1=" " ind2=" " tag="AVA">
      <subfield code="a">AKW50</subfield>
      <subfield code="b">XAW1</subfield>
      <subfield code="c">Lesesaal Nachschlagewerke</subfield>
      <subfield code="e">available</subfield>
      <subfield code="t">Verf&#xFC;gbar</subfield>
      <subfield code="f">1</subfield>
      <subfield code="g">0</subfield>
      <subfield code="h">N</subfield>
      <subfield code="i">0</subfield>
      <subfield code="j">LN</subfield>
    </datafield>
    <datafield ind1="-" ind2="1" tag="Z30">
      <subfield code="1">XAW1</subfield>
      <subfield code="2">LN</subfield>
      <subfield code="9">LN460</subfield>
      <subfield code="g">45145</subfield>
    </datafield>
  </record>
  <record>
    <leader>-----nM2.01200024------h</leader>
    <controlfield tag="LDR">-----nM2.01200024------h</controlfield>
    <controlfield tag="FMT">MH</controlfield>
    <datafield ind1="-" ind2="1" tag="001">
      <subfield code="a">AC04201738</subfield>
    </datafield>
    <controlfield tag="030">z|1dcr|||||37</controlfield>
    <datafield ind1="a" ind2="1" tag="036">
      <subfield code="a">AT</subfield>
    </datafield>
    <datafield ind1="b" ind2="1" tag="037">
      <subfield code="a">epo</subfield>
    </datafield>
    <controlfield tag="050">a|a|||||||||||</controlfield>
    <controlfield tag="051">m||||||</controlfield>
    <datafield ind1="a" ind2="1" tag="070">
      <subfield code="a">ONB-Esperanto</subfield>
    </datafield>
    <datafield ind1="s" ind2="1" tag="076">
      <subfield code="a">15</subfield>
    </datafield>
    <datafield ind1="-" ind2="1" tag="331">
      <subfield code="a">Por la rajto de German-A&#x16D;strujo</subfield>
    </datafield>
    <datafield ind1="-" ind2="1" tag="410">
      <subfield code="a">Wien</subfield>
    </datafield>
    <datafield ind1="-" ind2="1" tag="412">
      <subfield code="a">Wallishauser</subfield>
    </datafield>
    <datafield ind1="a" ind2="1" tag="425">
      <subfield code="a">1919</subfield>
    </datafield>
    <datafield ind1="-" ind2="1" tag="433">
      <subfield code="a">18 S.</subfield>
    </datafield>
    <datafield ind1="e" ind2="1" tag="655">
      <subfield code="m">V:AT-OBV;B:AT-OeNB</subfield>
      <subfield code="q">application/xml</subfield>
      <subfield code="u">http://data.onb.ac.at/dtl/4522059</subfield>
      <subfield code="x">ONB-DTL</subfield>
      <subfield code="3">Digitales Objekt</subfield>
    </datafield>
    <datafield ind1="x" ind2="1" tag="700">
      <subfield code="a">400 Sprache, Sprachwissenschaft, W&#xF6;rterb&#xFC;cher</subfield>
      <subfield code="c">22</subfield>
    </datafield>
    <controlfield tag="SYS">000416476</controlfield>
    <datafield ind1=" " ind2=" " tag="AVA">
      <subfield code="a">AKW50</subfield>
      <subfield code="b">XAW1</subfield>
      <subfield code="c">Magazin 1</subfield>
      <subfield code="d">B43930</subfield>
      <subfield code="e">available</subfield>
      <subfield code="t">Verf&#xFC;gbar</subfield>
      <subfield code="f">1</subfield>
      <subfield code="g">0</subfield>
      <subfield code="h">N</subfield>
      <subfield code="i">0</subfield>
      <subfield code="j">MAG1</subfield>
    </datafield>
    <datafield ind1="-" ind2="1" tag="Z30">
      <subfield code="1">XAW1</subfield>
      <subfield code="2">MAG1</subfield>
      <subfield code="3">B43930</subfield>
    </datafield>
  </record>