
  <record>
    <leader>00000nM2.01200024------h</leader>
    <controlfield tag="LDR">00000nM2.01200024------h</controlfield>
    <controlfield tag="FMT">MH</controlfield>
    <datafield ind1="-" ind2="1" tag="001">
      <subfield code="a">AC11051072</subfield>
    </datafield>
    <datafield ind1="b" ind2="1" tag="002">
      <subfield code="a">20130927</subfield>
    </datafield>
    <datafield ind1="a" ind2="1" tag="025">
      <subfield code="a">1038363446</subfield>
    </datafield>
    <controlfield tag="030">a||dc||||||37</controlfield>
    <datafield ind1="a" ind2="1" tag="036">
      <subfield code="a">XA-DE-HE</subfield>
    </datafield>
    <datafield ind1="b" ind2="1" tag="037">
      <subfield code="a">ger</subfield>
    </datafield>
    <controlfield tag="050">a|a|||||||||||</controlfield>
    <controlfield tag="051">n|||||||</controlfield>
    <datafield ind1="a" ind2="1" tag="070">
      <subfield code="a">DNB</subfield>
    </datafield>
    <datafield ind1="s" ind2="1" tag="076">
      <subfield code="a">10</subfield>
    </datafield>
    <datafield ind1="b" ind2="1" tag="100">
      <subfield code="p">Brich, Stefanie</subfield>
      <subfield code="9">(DE-588)1043762310</subfield>
      <subfield code="b">[Red.]</subfield>
    </datafield>
    <datafield ind1="-" ind2="1" tag="331">
      <subfield code="a">Gabler Wirtschaftslexikon</subfield>
    </datafield>
    <datafield ind1="-" ind2="1" tag="359">
      <subfield code="a">[Red.: Stefanie Brich ...]</subfield>
    </datafield>
    <datafield ind1="-" ind2="1" tag="403">
      <subfield code="a">18., aktualisierte und erw. Aufl.</subfield>
    </datafield>
    <datafield ind1="-" ind2="1" tag="410">
      <subfield code="a">Wiesbaden</subfield>
    </datafield>
    <datafield ind1="-" ind2="1" tag="412">
      <subfield code="a">Springer Gabler</subfield>
    </datafield>
    <datafield ind1="a" ind2="1" tag="425">
      <subfield code="a">2014</subfield>
    </datafield>
    <datafield ind1="a" ind2="1" tag="540">
      <subfield code="a">978-3-8349-3464-2</subfield>
      <subfield code="b">(Taschenbuch-Kassette mit 6 Bdn) : EUR 79.99 (DE), EUR 82.23 (AT), sfr 100.00 (freier Pr.)</subfield>
    </datafield>
    <datafield ind1="a" ind2="1" tag="540">
      <subfield code="a">3-8349-3464-X</subfield>
    </datafield>
    <datafield ind1="a" ind2="1" tag="553">
      <subfield code="a">9783834934642</subfield>
    </datafield>
    <datafield ind1="e" ind2="1" tag="655">
      <subfield code="m">X:MVB</subfield>
      <subfield code="q">text/html</subfield>
      <subfield code="u">http://deposit.d-nb.de/cgi-bin/dokserv?id=4419439&amp;prov=M&amp;dok_var=1&amp;dok_ext=htm</subfield>
      <subfield code="3">Inhaltstext</subfield>
      <subfield code="A">2</subfield>
    </datafield>
    <datafield ind1="x" ind2="1" tag="700">
      <subfield code="a">330 Wirtschaft, Wirtschaftswissenschaften</subfield>
      <subfield code="c">22</subfield>
    </datafield>
    <datafield ind1="b" ind2="1" tag="700">
      <subfield code="a">330.03</subfield>
      <subfield code="c">22ger</subfield>
      <subfield code="z">DNB</subfield>
    </datafield>
    <datafield ind1="f" ind2="1" tag="700">
      <subfield code="a">83.00</subfield>
      <subfield code="b">Volkswirtschaft: Allgemeines</subfield>
    </datafield>
    <datafield ind1="f" ind2="1" tag="700">
      <subfield code="a">85.00</subfield>
      <subfield code="b">Betriebswirtschaft: Allgemeines</subfield>
    </datafield>
    <datafield ind1="g" ind2="1" tag="700">
      <subfield code="a">QB 000</subfield>
    </datafield>
    <datafield ind1="g" ind2="1" tag="700">
      <subfield code="a">QB 900</subfield>
    </datafield>
    <datafield ind1="-" ind2="1" tag="902">
      <subfield code="s">Wirtschaft</subfield>
      <subfield code="9">(DE-588)4066399-1</subfield>
    </datafield>
    <datafield ind1="-" ind2="1" tag="902">
      <subfield code="s">Wirtschaftstheorie</subfield>
      <subfield code="9">(DE-588)4079351-5</subfield>
    </datafield>
    <datafield ind1="-" ind2="1" tag="902">
      <subfield code="f">W&#xF6;rterbuch</subfield>
    </datafield>
    <controlfield tag="SYS">000417373</controlfield>
    <datafield ind1=" " ind2=" " tag="BKL">
      <subfield code="a">Volkswirtschaft: Allgemeines</subfield>
    </datafield>
    <datafield ind1=" " ind2=" " tag="BKL">
      <subfield code="a">economics: general</subfield>
    </datafield>
    <datafield ind1=" " ind2=" " tag="BKL">
      <subfield code="a">National&#xF6;konomie: Allgemeines</subfield>
    </datafield>
    <datafield ind1=" " ind2=" " tag="BKL">
      <subfield code="a">Wirtschaftswissenschaften</subfield>
    </datafield>
    <datafield ind1=" " ind2=" " tag="BKL">
      <subfield code="a">Politische &#xD6;konomie</subfield>
    </datafield>
    <datafield ind1=" " ind2=" " tag="BKL">
      <subfield code="a">Betriebswirtschaft: Allgemeines</subfield>
    </datafield>
    <datafield ind1=" " ind2=" " tag="BKL">
      <subfield code="a">business administration: general</subfield>
    </datafield>
    <datafield ind1=" " ind2=" " tag="SWD">
      <subfield code="s">Wirtschaftsleben</subfield>
      <subfield code="9">(DE-588)4066399-1</subfield>
    </datafield>
    <datafield ind1=" " ind2=" " tag="SWD">
      <subfield code="s">&#xD6;konomie</subfield>
      <subfield code="h">Wirtschaft</subfield>
      <subfield code="9">(DE-588)4066399-1</subfield>
    </datafield>
    <datafield ind1=" " ind2=" " tag="SWD">
      <subfield code="s">Economy</subfield>
      <subfield code="9">(DE-588)4066399-1</subfield>
    </datafield>
    <datafield ind1=" " ind2=" " tag="SWD">
      <subfield code="s">&#xD6;konomische Theorie</subfield>
      <subfield code="9">(DE-588)4079351-5</subfield>
    </datafield>
    <datafield ind1=" " ind2=" " tag="SWD">
      <subfield code="s">Volkswirtschaftstheorie</subfield>
      <subfield code="9">(DE-588)4079351-5</subfield>
    </datafield>
    <datafield ind1=" " ind2=" " tag="SWD">
      <subfield code="s">Sozial&#xF6;konomie</subfield>
      <subfield code="9">(DE-588)4079351-5</subfield>
    </datafield>
    <datafield ind1=" " ind2=" " tag="SWD">
      <subfield code="s">Sozial&#xF6;konomik</subfield>
      <subfield code="9">(DE-588)4079351-5</subfield>
    </datafield>
    <datafield ind1=" " ind2=" " tag="SWD">
      <subfield code="s">Sozio&#xF6;konomie</subfield>
      <subfield code="9">(DE-588)4079351-5</subfield>
    </datafield>
    <datafield ind1=" " ind2=" " tag="SWD">
      <subfield code="s">Wirtschaftsleben</subfield>
      <subfield code="9">(DE-588)4066399-1</subfield>
    </datafield>
    <datafield ind1=" " ind2=" " tag="SWD">
      <subfield code="s">&#xD6;konomie</subfield>
      <subfield code="h">Wirtschaft</subfield>
      <subfield code="9">(DE-588)4066399-1</subfield>
    </datafield>
    <datafield ind1=" " ind2=" " tag="SWD">
      <subfield code="s">Economy</subfield>
      <subfield code="9">(DE-588)4066399-1</subfield>
    </datafield>
    <datafield ind1=" " ind2=" " tag="SWD">
      <subfield code="s">&#xD6;konomische Theorie</subfield>
      <subfield code="9">(DE-588)4079351-5</subfield>
    </datafield>
    <datafield ind1=" " ind2=" " tag="SWD">
      <subfield code="s">Volkswirtschaftstheorie</subfield>
      <subfield code="9">(DE-588)4079351-5</subfield>
    </datafield>
    <datafield ind1=" " ind2=" " tag="SWD">
      <subfield code="s">Sozial&#xF6;konomie</subfield>
      <subfield code="9">(DE-588)4079351-5</subfield>
    </datafield>
    <datafield ind1=" " ind2=" " tag="SWD">
      <subfield code="s">Sozial&#xF6;konomik</subfield>
      <subfield code="9">(DE-588)4079351-5</subfield>
    </datafield>
    <datafield ind1=" " ind2=" " tag="SWD">
      <subfield code="s">Sozio&#xF6;konomie</subfield>
      <subfield code="9">(DE-588)4079351-5</subfield>
    </datafield>
  </record>