
  <record>
    <leader>00000nM2.01200024||||||u</leader>
    <controlfield tag="LDR">00000nM2.01200024||||||u</controlfield>
    <controlfield tag="FMT">MU</controlfield>
    <datafield ind1="-" ind2="1" tag="001">
      <subfield code="a">AC11112439</subfield>
    </datafield>
    <datafield ind1="-" ind2="2" tag="001">
      <subfield code="a">AC11051072</subfield>
    </datafield>
    <datafield ind1="b" ind2="2" tag="002">
      <subfield code="a">20130927</subfield>
    </datafield>
    <datafield ind1="-" ind2="1" tag="010">
      <subfield code="a">AC11051072</subfield>
    </datafield>
    <datafield ind1="a" ind2="2" tag="025">
      <subfield code="a">1038363446</subfield>
    </datafield>
    <controlfield tag="030">a|1ucr|||||||</controlfield>
    <datafield ind1="a" ind2="2" tag="036">
      <subfield code="a">XA-DE-HE</subfield>
    </datafield>
    <datafield ind1="b" ind2="2" tag="037">
      <subfield code="a">ger</subfield>
    </datafield>
    <controlfield tag="050">a|a|||||||||||</controlfield>
    <controlfield tag="051">||||||||</controlfield>
    <datafield ind1="a" ind2="2" tag="070">
      <subfield code="a">DNB</subfield>
    </datafield>
    <datafield ind1="s" ind2="1" tag="076">
      <subfield code="a">10</subfield>
    </datafield>
    <datafield ind1="s" ind2="2" tag="076">
      <subfield code="a">10</subfield>
    </datafield>
    <datafield ind1="-" ind2="1" tag="089">
      <subfield code="a">[1]</subfield>
    </datafield>
    <datafield ind1="-" ind2="1" tag="090">
      <subfield code="a">1</subfield>
    </datafield>
    <datafield ind1="b" ind2="2" tag="100">
      <subfield code="p">Brich, Stefanie</subfield>
      <subfield code="9">(DE-588)1043762310</subfield>
      <subfield code="b">[Red.]</subfield>
    </datafield>
    <datafield ind1="-" ind2="1" tag="331">
      <subfield code="a">A - B</subfield>
    </datafield>
    <datafield ind1="-" ind2="2" tag="331">
      <subfield code="a">Gabler Wirtschaftslexikon</subfield>
    </datafield>
    <datafield ind1="-" ind2="2" tag="359">
      <subfield code="a">[Red.: Stefanie Brich ...]</subfield>
    </datafield>
    <datafield ind1="-" ind2="2" tag="403">
      <subfield code="a">18., aktualisierte und erw. Aufl.</subfield>
    </datafield>
    <datafield ind1="-" ind2="2" tag="410">
      <subfield code="a">Wiesbaden</subfield>
    </datafield>
    <datafield ind1="-" ind2="2" tag="412">
      <subfield code="a">Springer Gabler</subfield>
    </datafield>
    <datafield ind1="a" ind2="1" tag="425">
      <subfield code="a">2014</subfield>
    </datafield>
    <datafield ind1="a" ind2="2" tag="425">
      <subfield code="a">2014</subfield>
    </datafield>
    <datafield ind1="-" ind2="1" tag="433">
      <subfield code="a">XXII, 595 S.</subfield>
    </datafield>
    <datafield ind1="-" ind2="1" tag="434">
      <subfield code="a">graph. Darst.</subfield>
    </datafield>
    <datafield ind1="a" ind2="2" tag="540">
      <subfield code="a">978-3-8349-3464-2</subfield>
      <subfield code="b">(Taschenbuch-Kassette mit 6 Bdn) : EUR 79.99 (DE), EUR 82.23 (AT), sfr 100.00 (freier Pr.)</subfield>
    </datafield>
    <datafield ind1="a" ind2="2" tag="540">
      <subfield code="a">3-8349-3464-X</subfield>
    </datafield>
    <datafield ind1="a" ind2="2" tag="553">
      <subfield code="a">9783834934642</subfield>
    </datafield>
    <datafield ind1="e" ind2="2" tag="655">
      <subfield code="m">X:MVB</subfield>
      <subfield code="q">text/html</subfield>
      <subfield code="u">http://deposit.d-nb.de/cgi-bin/dokserv?id=4419439&amp;prov=M&amp;dok_var=1&amp;dok_ext=htm</subfield>
      <subfield code="3">Inhaltstext</subfield>
      <subfield code="A">2</subfield>
    </datafield>
    <datafield ind1="x" ind2="2" tag="700">
      <subfield code="a">330 Wirtschaft, Wirtschaftswissenschaften</subfield>
      <subfield code="c">22</subfield>
    </datafield>
    <datafield ind1="b" ind2="2" tag="700">
      <subfield code="a">330.03</subfield>
      <subfield code="c">22ger</subfield>
      <subfield code="z">DNB</subfield>
    </datafield>
    <datafield ind1="f" ind2="2" tag="700">
      <subfield code="a">83.00</subfield>
      <subfield code="b">Volkswirtschaft: Allgemeines</subfield>
    </datafield>
    <datafield ind1="f" ind2="2" tag="700">
      <subfield code="a">85.00</subfield>
      <subfield code="b">Betriebswirtschaft: Allgemeines</subfield>
    </datafield>
    <datafield ind1="g" ind2="2" tag="700">
      <subfield code="a">QB 000</subfield>
    </datafield>
    <datafield ind1="g" ind2="2" tag="700">
      <subfield code="a">QB 900</subfield>
    </datafield>
    <datafield ind1="-" ind2="2" tag="902">
      <subfield code="s">Wirtschaft</subfield>
      <subfield code="9">(DE-588)4066399-1</subfield>
    </datafield>
    <datafield ind1="-" ind2="2" tag="902">
      <subfield code="s">Wirtschaftstheorie</subfield>
      <subfield code="9">(DE-588)4079351-5</subfield>
    </datafield>
    <datafield ind1="-" ind2="2" tag="902">
      <subfield code="f">W&#xF6;rterbuch</subfield>
    </datafield>
    <controlfield tag="SYS">000417376</controlfield>
    <datafield ind1=" " ind2=" " tag="AVA">
      <subfield code="a">AKW50</subfield>
      <subfield code="b">XAW1</subfield>
      <subfield code="c">Lesesaal Nachschlagewerke</subfield>
      <subfield code="e">available</subfield>
      <subfield code="t">Verf&#xFC;gbar</subfield>
      <subfield code="f">1</subfield>
      <subfield code="g">0</subfield>
      <subfield code="h">N</subfield>
      <subfield code="i">0</subfield>
      <subfield code="j">LN</subfield>
    </datafield>
    <datafield ind1="-" ind2="1" tag="Z30">
      <subfield code="1">XAW1</subfield>
      <subfield code="2">LN</subfield>
      <subfield code="9">LN330</subfield>
      <subfield code="g">45265</subfield>
    </datafield>
  </record>