
  <record>
    <leader>00826cM2.01200024------h</leader>
    <controlfield tag="LDR">00826cM2.01200024------h</controlfield>
    <controlfield tag="FMT">MH</controlfield>
    <datafield ind1="-" ind2="1" tag="001">
      <subfield code="a">AC12045277</subfield>
    </datafield>
    <datafield ind1="b" ind2="1" tag="002">
      <subfield code="a">20141007</subfield>
    </datafield>
    <datafield ind1="a" ind2="1" tag="025">
      <subfield code="a">011215267</subfield>
    </datafield>
    <datafield ind1="z" ind2="1" tag="025">
      <subfield code="a">209760-6</subfield>
    </datafield>
    <controlfield tag="030">b|1dcz|z|||37</controlfield>
    <datafield ind1="a" ind2="1" tag="036">
      <subfield code="a">XA-GB</subfield>
    </datafield>
    <datafield ind1="b" ind2="1" tag="037">
      <subfield code="a">eng</subfield>
    </datafield>
    <controlfield tag="050">a|ac||||||||||</controlfield>
    <controlfield tag="052">p||||||z|||||||</controlfield>
    <controlfield tag="057">euuu|||uuuu</controlfield>
    <datafield ind1="a" ind2="1" tag="070">
      <subfield code="a">DNB</subfield>
    </datafield>
    <datafield ind1="b" ind2="1" tag="086">
      <subfield code="a">C22092</subfield>
    </datafield>
    <datafield ind1="c" ind2="1" tag="086">
      <subfield code="a">Perabg.</subfield>
    </datafield>
    <datafield ind1="b" ind2="1" tag="200">
      <subfield code="k">Gro&#xDF;britannien</subfield>
      <subfield code="b">Department of Trade and Industry</subfield>
      <subfield code="9">(DE-588)55310-4</subfield>
    </datafield>
    <datafield ind1="b" ind2="1" tag="204">
      <subfield code="k">Gro&#xDF;britannien</subfield>
      <subfield code="b">Board of Trade</subfield>
      <subfield code="9">(DE-588)35542-2</subfield>
    </datafield>
    <datafield ind1="-" ind2="1" tag="331">
      <subfield code="a">&lt;&lt;The&gt;&gt; report on the census of production</subfield>
    </datafield>
    <datafield ind1="-" ind2="1" tag="359">
      <subfield code="a">Department of Trade and Industry</subfield>
    </datafield>
    <datafield ind1="a" ind2="1" tag="370">
      <subfield code="a">Report on the censuses of production</subfield>
    </datafield>
    <datafield ind1="-" ind2="1" tag="405">
      <subfield code="a">1948 - 1968(1973) nachgewiesen</subfield>
    </datafield>
    <datafield ind1="-" ind2="1" tag="410">
      <subfield code="a">London</subfield>
    </datafield>
    <datafield ind1="b" ind2="1" tag="425">
      <subfield code="a">1948</subfield>
    </datafield>
    <datafield ind1="c" ind2="1" tag="425">
      <subfield code="a">1973</subfield>
    </datafield>
    <datafield ind1="-" ind2="1" tag="507">
      <subfield code="a">Hauptsacht. 1959/62 u. 1964/67: Report on the censuses of production</subfield>
    </datafield>
    <datafield ind1="-" ind2="1" tag="509">
      <subfield code="p">Beteil. K&#xF6;rp. bis 1963</subfield>
      <subfield code="a">Board of Trade</subfield>
    </datafield>
    <datafield ind1="z" ind2="1" tag="531">
      <subfield code="p">Vorg. ---&gt;</subfield>
      <subfield code="a">Census of production of the United Kingdom / Final report</subfield>
      <subfield code="9">1019699-7</subfield>
    </datafield>
    <datafield ind1="-" ind2="1" tag="610">
      <subfield code="a">Mikrofilm-Ausg.</subfield>
    </datafield>
    <datafield ind1="a" ind2="1" tag="610">
      <subfield code="a">Bishops Storford : Chadwyck-Healey</subfield>
    </datafield>
    <datafield ind1="x" ind2="1" tag="700">
      <subfield code="a">338 Produktion, Wirtschaftsentwicklung, Wirtschaftspolitik</subfield>
      <subfield code="c">22</subfield>
    </datafield>
    <controlfield tag="SYS">000420557</controlfield>
    <datafield ind1=" " ind2="9" tag="071">
      <subfield code="a">AKW</subfield>
      <subfield code="2">XAW1</subfield>
    </datafield>
    <datafield ind1=" " ind2="9" tag="200">
      <subfield code="b">1952/53(1956)</subfield>
      <subfield code="f">C22092</subfield>
      <subfield code="g">Perabg.</subfield>
      <subfield code="2">AKW</subfield>
    </datafield>
    <datafield ind1=" " ind2="9" tag="NTU">
      <subfield code="a">FSW-Bestand</subfield>
      <subfield code="2">XAW1</subfield>
    </datafield>
    <datafield ind1=" " ind2="9" tag="OWN">
      <subfield code="a">XAW1</subfield>
    </datafield>
    <datafield ind1=" " ind2=" " tag="KOR">
      <subfield code="k">Department of Trade and Industry</subfield>
      <subfield code="h">Gro&#xDF;britannien</subfield>
      <subfield code="9">(DE-588)55310-4</subfield>
    </datafield>
    <datafield ind1=" " ind2=" " tag="KOR">
      <subfield code="k">DTI</subfield>
      <subfield code="9">(DE-588)55310-4</subfield>
    </datafield>
    <datafield ind1=" " ind2=" " tag="KOR">
      <subfield code="k">Department of Trade and Industry</subfield>
      <subfield code="h">Gro&#xDF;britannien</subfield>
      <subfield code="9">(DE-588)55310-4</subfield>
    </datafield>
    <datafield ind1=" " ind2=" " tag="KOR">
      <subfield code="k">DTI</subfield>
      <subfield code="9">(DE-588)55310-4</subfield>
    </datafield>
    <datafield ind1=" " ind2=" " tag="KOR">
      <subfield code="k">Board of Trade</subfield>
      <subfield code="h">Gro&#xDF;britannien</subfield>
      <subfield code="9">(DE-588)35542-2</subfield>
    </datafield>
    <datafield ind1=" " ind2=" " tag="KOR">
      <subfield code="k">Board of Trade</subfield>
      <subfield code="h">Gro&#xDF;britannien</subfield>
      <subfield code="9">(DE-588)35542-2</subfield>
    </datafield>
  </record>