
  <record>
    <leader>00556cM2.01200024------h</leader>
    <controlfield tag="LDR">00556cM2.01200024------h</controlfield>
    <controlfield tag="FMT">MH</controlfield>
    <datafield ind1="-" ind2="1" tag="001">
      <subfield code="a">AC12072774</subfield>
    </datafield>
    <datafield ind1="b" ind2="1" tag="002">
      <subfield code="a">20141023</subfield>
    </datafield>
    <datafield ind1="a" ind2="1" tag="025">
      <subfield code="a">014496941</subfield>
    </datafield>
    <datafield ind1="o" ind2="1" tag="025">
      <subfield code="a">225352206</subfield>
    </datafield>
    <datafield ind1="z" ind2="1" tag="025">
      <subfield code="a">820523-1</subfield>
    </datafield>
    <controlfield tag="030">b|1dcz|z|||37</controlfield>
    <datafield ind1="a" ind2="1" tag="036">
      <subfield code="a">XA-SE</subfield>
    </datafield>
    <datafield ind1="b" ind2="1" tag="037">
      <subfield code="a">swe</subfield>
    </datafield>
    <controlfield tag="050">a|a|||||||||||</controlfield>
    <controlfield tag="052">z||||||zw||||||</controlfield>
    <datafield ind1="a" ind2="1" tag="070">
      <subfield code="a">DNB</subfield>
    </datafield>
    <datafield ind1="-" ind2="1" tag="331">
      <subfield code="a">Allsvensk samling</subfield>
    </datafield>
    <datafield ind1="-" ind2="1" tag="335">
      <subfield code="a">tidning</subfield>
    </datafield>
    <datafield ind1="-" ind2="1" tag="359">
      <subfield code="a">utg. af Riksf&#xF6;reningen f&#xF6;r Svenskhetens bevarande i utlandet</subfield>
    </datafield>
    <datafield ind1="-" ind2="1" tag="405">
      <subfield code="a">1.1914 - 12.1926; 14.1927 - 58.1971</subfield>
    </datafield>
    <datafield ind1="-" ind2="1" tag="410">
      <subfield code="a">G&#xF6;teborg</subfield>
    </datafield>
    <datafield ind1="-" ind2="1" tag="412">
      <subfield code="a">G&#xF6;teborg</subfield>
    </datafield>
    <datafield ind1="b" ind2="1" tag="425">
      <subfield code="a">1914</subfield>
    </datafield>
    <datafield ind1="c" ind2="1" tag="425">
      <subfield code="a">1971</subfield>
    </datafield>
    <datafield ind1="-" ind2="1" tag="523">
      <subfield code="a">Periodizit&#xE4;t: w&#xF6;chentl.</subfield>
    </datafield>
    <datafield ind1="z" ind2="1" tag="533">
      <subfield code="p">Forts. ---&gt;</subfield>
      <subfield code="a">Sverigekontakt</subfield>
      <subfield code="9">986866-5</subfield>
    </datafield>
    <datafield ind1="b" ind2="1" tag="673">
      <subfield code="a">G&#xF6;teborg</subfield>
      <subfield code="9">4021453-9</subfield>
    </datafield>
    <datafield ind1="x" ind2="1" tag="700">
      <subfield code="a">948 Geschichte Skandinavien</subfield>
      <subfield code="c">22</subfield>
    </datafield>
    <controlfield tag="SYS">000423099</controlfield>
    <datafield ind1=" " ind2="9" tag="071">
      <subfield code="a">AKW</subfield>
      <subfield code="2">XAW1</subfield>
    </datafield>
    <datafield ind1=" " ind2="9" tag="200">
      <subfield code="b">34.1957 - 58.1971</subfield>
      <subfield code="f">C29372</subfield>
      <subfield code="g">ZSabg.</subfield>
      <subfield code="2">AKW</subfield>
    </datafield>
    <datafield ind1=" " ind2="9" tag="OWN">
      <subfield code="a">XAW1</subfield>
    </datafield>
  </record>