
  <record>
    <leader>00000nM2.01200024------h</leader>
    <controlfield tag="LDR">00000nM2.01200024------h</controlfield>
    <controlfield tag="FMT">MH</controlfield>
    <datafield ind1="-" ind2="1" tag="001">
      <subfield code="a">AC12113168</subfield>
    </datafield>
    <datafield ind1="a" ind2="1" tag="002">
      <subfield code="a">20141127</subfield>
    </datafield>
    <datafield ind1="-" ind2="1" tag="003">
      <subfield code="a">20160718</subfield>
    </datafield>
    <datafield ind1="-" ind2="1" tag="026">
      <subfield code="a">OBVAC12113168</subfield>
    </datafield>
    <controlfield tag="030">f||da||||||17</controlfield>
    <datafield ind1="a" ind2="1" tag="036">
      <subfield code="a">AT</subfield>
    </datafield>
    <datafield ind1="b" ind2="1" tag="037">
      <subfield code="a">ger</subfield>
    </datafield>
    <controlfield tag="050">||||||||g|||||</controlfield>
    <controlfield tag="051">m|||||||</controlfield>
    <controlfield tag="058">cr||||||||||||</controlfield>
    <datafield ind1="-" ind2="1" tag="070">
      <subfield code="a">AKW</subfield>
    </datafield>
    <datafield ind1="b" ind2="1" tag="070">
      <subfield code="a">AKW</subfield>
    </datafield>
    <datafield ind1="s" ind2="1" tag="076">
      <subfield code="a">10</subfield>
    </datafield>
    <datafield ind1="-" ind2="1" tag="100">
      <subfield code="p">Tr&#xF6;ger, Nina</subfield>
    </datafield>
    <datafield ind1="a" ind2="1" tag="104">
      <subfield code="p">Prantner, Christian</subfield>
      <subfield code="d">1964-</subfield>
      <subfield code="9">(DE-588)137527349</subfield>
    </datafield>
    <datafield ind1="-" ind2="1" tag="331">
      <subfield code="a">Welche Bank w&#xFC;nschen sich Konsumenten?</subfield>
    </datafield>
    <datafield ind1="-" ind2="1" tag="334">
      <subfield code="a">Elektronische Ressource</subfield>
    </datafield>
    <datafield ind1="-" ind2="1" tag="359">
      <subfield code="a">Nina Tr&#xF6;ger ; Christian Prantner</subfield>
    </datafield>
    <datafield ind1="-" ind2="1" tag="403">
      <subfield code="a">Stand: Oktober 2014</subfield>
    </datafield>
    <datafield ind1="-" ind2="1" tag="410">
      <subfield code="a">Wien</subfield>
    </datafield>
    <datafield ind1="-" ind2="1" tag="412">
      <subfield code="a">AK Wien</subfield>
    </datafield>
    <datafield ind1="a" ind2="1" tag="425">
      <subfield code="a">2014</subfield>
    </datafield>
    <datafield ind1="-" ind2="1" tag="433">
      <subfield code="a">31 S.</subfield>
    </datafield>
    <datafield ind1="-" ind2="1" tag="434">
      <subfield code="a">graph. Darst.</subfield>
    </datafield>
    <datafield ind1="-" ind2="1" tag="540">
      <subfield code="a">978-3-7063-0502-0</subfield>
    </datafield>
    <datafield ind1="b" ind2="1" tag="552">
      <subfield code="a">urn:nbn:at:at-akw:g-379077</subfield>
    </datafield>
    <datafield ind1="a" ind2="1" tag="652">
      <subfield code="a">Online-Ressource</subfield>
    </datafield>
    <datafield ind1="e" ind2="1" tag="655">
      <subfield code="m">V:AT-OBV;B:AT-AKW</subfield>
      <subfield code="u">http://emedien.arbeiterkammer.at/viewer/resolver?urn=urn:nbn:at:at-akw:g-379077</subfield>
      <subfield code="x">Resolving-System</subfield>
      <subfield code="z">kostenfrei</subfield>
      <subfield code="3">Volltext</subfield>
    </datafield>
    <datafield ind1="x" ind2="1" tag="700">
      <subfield code="a">332 Finanzwirtschaft, Geld, Banken, B&#xF6;rse</subfield>
      <subfield code="c">22</subfield>
    </datafield>
    <datafield ind1="-" ind2="1" tag="902">
      <subfield code="s">Bank</subfield>
      <subfield code="9">(DE-588)4004436-1</subfield>
    </datafield>
    <datafield ind1="-" ind2="1" tag="902">
      <subfield code="s">Kunde</subfield>
      <subfield code="9">(DE-588)4114330-9</subfield>
    </datafield>
    <datafield ind1="-" ind2="1" tag="902">
      <subfield code="s">Erwartung</subfield>
      <subfield code="9">(DE-588)4015434-8</subfield>
    </datafield>
    <controlfield tag="SYS">000426911</controlfield>
    <datafield ind1=" " ind2=" " tag="SWD">
      <subfield code="s">Bankbetrieb</subfield>
      <subfield code="9">(DE-588)4004436-1</subfield>
    </datafield>
    <datafield ind1=" " ind2=" " tag="SWD">
      <subfield code="s">Banken</subfield>
      <subfield code="9">(DE-588)4004436-1</subfield>
    </datafield>
    <datafield ind1=" " ind2=" " tag="SWD">
      <subfield code="s">Bankbetrieb</subfield>
      <subfield code="9">(DE-588)4004436-1</subfield>
    </datafield>
    <datafield ind1=" " ind2=" " tag="SWD">
      <subfield code="s">Banken</subfield>
      <subfield code="9">(DE-588)4004436-1</subfield>
    </datafield>
    <datafield ind1=" " ind2=" " tag="SWD">
      <subfield code="s">Kundschaft</subfield>
      <subfield code="9">(DE-588)4114330-9</subfield>
    </datafield>
    <datafield ind1=" " ind2=" " tag="SWD">
      <subfield code="s">Privatkunde</subfield>
      <subfield code="9">(DE-588)4114330-9</subfield>
    </datafield>
    <datafield ind1=" " ind2=" " tag="SWD">
      <subfield code="s">Kunden</subfield>
      <subfield code="9">(DE-588)4114330-9</subfield>
    </datafield>
    <datafield ind1=" " ind2=" " tag="SWD">
      <subfield code="s">Kundschaft</subfield>
      <subfield code="9">(DE-588)4114330-9</subfield>
    </datafield>
    <datafield ind1=" " ind2=" " tag="SWD">
      <subfield code="s">Privatkunde</subfield>
      <subfield code="9">(DE-588)4114330-9</subfield>
    </datafield>
    <datafield ind1=" " ind2=" " tag="SWD">
      <subfield code="s">Kunden</subfield>
      <subfield code="9">(DE-588)4114330-9</subfield>
    </datafield>
    <datafield ind1=" " ind2=" " tag="SWD">
      <subfield code="s">Erwartungshaltung</subfield>
      <subfield code="9">(DE-588)4015434-8</subfield>
    </datafield>
    <datafield ind1=" " ind2=" " tag="SWD">
      <subfield code="s">Erwartungen</subfield>
      <subfield code="9">(DE-588)4015434-8</subfield>
    </datafield>
    <datafield ind1=" " ind2=" " tag="SWD">
      <subfield code="s">Erwartungshaltung</subfield>
      <subfield code="9">(DE-588)4015434-8</subfield>
    </datafield>
    <datafield ind1=" " ind2=" " tag="SWD">
      <subfield code="s">Erwartungen</subfield>
      <subfield code="9">(DE-588)4015434-8</subfield>
    </datafield>
  </record>