
  <record>
    <leader>00467nM2.01200024------h</leader>
    <controlfield tag="LDR">00467nM2.01200024------h</controlfield>
    <controlfield tag="FMT">MH</controlfield>
    <datafield ind1="-" ind2="1" tag="001">
      <subfield code="a">AC12130215</subfield>
    </datafield>
    <datafield ind1="b" ind2="1" tag="002">
      <subfield code="a">20141216</subfield>
    </datafield>
    <controlfield tag="030">e|5z|||z|||17</controlfield>
    <datafield ind1="a" ind2="1" tag="036">
      <subfield code="a">D</subfield>
    </datafield>
    <datafield ind1="b" ind2="1" tag="037">
      <subfield code="a">ger</subfield>
    </datafield>
    <controlfield tag="050">|||b||||||||||</controlfield>
    <controlfield tag="051">m|||||||</controlfield>
    <controlfield tag="057">dbfb000aaau</controlfield>
    <datafield ind1="a" ind2="1" tag="070">
      <subfield code="a">GBV</subfield>
    </datafield>
    <datafield ind1="-" ind2="1" tag="100">
      <subfield code="p">Semmler, Karl</subfield>
      <subfield code="d">1904-1969</subfield>
      <subfield code="9">(DE-588)121907074</subfield>
    </datafield>
    <datafield ind1="a" ind2="1" tag="331">
      <subfield code="a">Im Kampf f&#xFC;r den Sozialismus</subfield>
    </datafield>
    <datafield ind1="a" ind2="1" tag="335">
      <subfield code="a">zur Geschichte der Arbeiterbewegung in Th&#xFC;ringen</subfield>
    </datafield>
    <datafield ind1="-" ind2="1" tag="359">
      <subfield code="a">Karl Semmler</subfield>
    </datafield>
    <datafield ind1="-" ind2="1" tag="410">
      <subfield code="a">Jena</subfield>
    </datafield>
    <datafield ind1="-" ind2="1" tag="412">
      <subfield code="a">Th&#xFC;r. Verl-.Anst.</subfield>
    </datafield>
    <datafield ind1="a" ind2="1" tag="425">
      <subfield code="a">1928</subfield>
    </datafield>
    <datafield ind1="-" ind2="1" tag="433">
      <subfield code="a">48 S.</subfield>
    </datafield>
    <datafield ind1="-" ind2="1" tag="434">
      <subfield code="a">7 Taf.</subfield>
    </datafield>
    <datafield ind1="x" ind2="1" tag="700">
      <subfield code="a">335 Sozialismus und verwandte Systeme</subfield>
      <subfield code="c">22</subfield>
    </datafield>
    <controlfield tag="SYS">000428511</controlfield>
    <datafield ind1=" " ind2=" " tag="PER">
      <subfield code="p">Semmler, Karl Paul</subfield>
      <subfield code="d">1904-1969</subfield>
      <subfield code="9">(DE-588)121907074</subfield>
    </datafield>
    <datafield ind1=" " ind2=" " tag="PER">
      <subfield code="p">Semmler, Karl Paul</subfield>
      <subfield code="d">1904-1969</subfield>
      <subfield code="9">(DE-588)121907074</subfield>
    </datafield>
    <datafield ind1=" " ind2=" " tag="AVA">
      <subfield code="a">AKW50</subfield>
      <subfield code="b">XAW1</subfield>
      <subfield code="c">Magazin 1</subfield>
      <subfield code="d">B31577</subfield>
      <subfield code="e">available</subfield>
      <subfield code="t">Verf&#xFC;gbar</subfield>
      <subfield code="f">1</subfield>
      <subfield code="g">0</subfield>
      <subfield code="h">N</subfield>
      <subfield code="i">0</subfield>
      <subfield code="j">MAG1</subfield>
    </datafield>
    <datafield ind1="-" ind2="1" tag="Z30">
      <subfield code="1">XAW1</subfield>
      <subfield code="2">MAG1</subfield>
      <subfield code="3">B31577</subfield>
    </datafield>
  </record>