
  <record>
    <leader>00000nM2.01200024------h</leader>
    <controlfield tag="LDR">00000nM2.01200024------h</controlfield>
    <controlfield tag="FMT">MH</controlfield>
    <datafield ind1="-" ind2="1" tag="001">
      <subfield code="a">AC12172858</subfield>
    </datafield>
    <datafield ind1="b" ind2="1" tag="002">
      <subfield code="a">20150204</subfield>
    </datafield>
    <datafield ind1="a" ind2="1" tag="025">
      <subfield code="a">1064629318</subfield>
    </datafield>
    <controlfield tag="030">f||da||||||17</controlfield>
    <datafield ind1="a" ind2="1" tag="036">
      <subfield code="a">XA-CH</subfield>
    </datafield>
    <datafield ind1="b" ind2="1" tag="037">
      <subfield code="a">fre</subfield>
    </datafield>
    <controlfield tag="050">a|a|||||||||||</controlfield>
    <controlfield tag="051">s|||||||</controlfield>
    <datafield ind1="a" ind2="1" tag="070">
      <subfield code="a">DNB</subfield>
    </datafield>
    <datafield ind1="s" ind2="1" tag="076">
      <subfield code="a">12</subfield>
    </datafield>
    <datafield ind1="-" ind2="1" tag="100">
      <subfield code="a">Aquatias, Christine</subfield>
    </datafield>
    <datafield ind1="-" ind2="1" tag="331">
      <subfield code="a">Entre conventions collectives et salaire minimum</subfield>
    </datafield>
    <datafield ind1="-" ind2="1" tag="335">
      <subfield code="a">Syndicats, patronat et conventions collectives en Allemagne de 1992 &#xE0; 2008</subfield>
    </datafield>
    <datafield ind1="-" ind2="1" tag="359">
      <subfield code="a">Christine Aquatias</subfield>
    </datafield>
    <datafield ind1="-" ind2="1" tag="410">
      <subfield code="a">Bern ; Wien [u.a.]</subfield>
    </datafield>
    <datafield ind1="-" ind2="1" tag="412">
      <subfield code="a">Peter Lang</subfield>
    </datafield>
    <datafield ind1="a" ind2="1" tag="425">
      <subfield code="a">2015</subfield>
    </datafield>
    <datafield ind1="-" ind2="1" tag="433">
      <subfield code="a">VIII, 424 S.</subfield>
    </datafield>
    <datafield ind1="-" ind2="1" tag="434">
      <subfield code="a">Ill.</subfield>
    </datafield>
    <datafield ind1="-" ind2="1" tag="435">
      <subfield code="a">210 mm x 148 mm, 570 g</subfield>
    </datafield>
    <datafield ind1="-" ind2="1" tag="451">
      <subfield code="a">Convergences ; 85</subfield>
    </datafield>
    <datafield ind1="r" ind2="1" tag="453">
      <subfield code="a">AC01667266</subfield>
    </datafield>
    <datafield ind1="-" ind2="1" tag="455">
      <subfield code="a">85</subfield>
    </datafield>
    <datafield ind1="-" ind2="1" tag="456">
      <subfield code="a">85</subfield>
    </datafield>
    <datafield ind1="a" ind2="1" tag="540">
      <subfield code="a">978-3-0343-1603-3</subfield>
      <subfield code="b">Pb. : EUR 88.30 (DE) (freier Pr.), EUR 90.80 (AT) (freier Pr.), sfr 99.00 (freier Pr.)</subfield>
    </datafield>
    <datafield ind1="a" ind2="1" tag="540">
      <subfield code="a">978-3-0352-0288-5</subfield>
      <subfield code="b">(ebook)</subfield>
    </datafield>
    <datafield ind1="a" ind2="1" tag="540">
      <subfield code="a">3-0343-1603-8</subfield>
    </datafield>
    <datafield ind1="a" ind2="1" tag="551">
      <subfield code="a">Best.-Nr.: 431603</subfield>
    </datafield>
    <datafield ind1="a" ind2="1" tag="553">
      <subfield code="a">9783034316033</subfield>
    </datafield>
    <datafield ind1="e" ind2="1" tag="655">
      <subfield code="m">X:MVB</subfield>
      <subfield code="q">application/pdf</subfield>
      <subfield code="u">http://www.peterlang.com/exportdatas/exportfiles/onix/toc/9783034316033_toc.pdf</subfield>
      <subfield code="3">Inhaltsverzeichnis</subfield>
      <subfield code="A">2</subfield>
    </datafield>
    <datafield ind1="e" ind2="1" tag="655">
      <subfield code="m">X:MVB</subfield>
      <subfield code="q">application/pdf</subfield>
      <subfield code="u">http://www.peterlang.com/exportdatas/exportfiles/onix/intro/9783034316033_leseprobe01.pdf</subfield>
      <subfield code="3">Einf&#xFC;hrung/Vorwort</subfield>
      <subfield code="A">2</subfield>
    </datafield>
    <datafield ind1="e" ind2="1" tag="655">
      <subfield code="m">X:MVB</subfield>
      <subfield code="q">text/html</subfield>
      <subfield code="u">http://deposit.d-nb.de/cgi-bin/dokserv?id=5123440&amp;prov=M&amp;dok_var=1&amp;dok_ext=htm</subfield>
      <subfield code="3">Inhaltstext</subfield>
      <subfield code="A">2</subfield>
    </datafield>
    <datafield ind1="x" ind2="1" tag="700">
      <subfield code="a">331.2 Arbeitsbedingungen, Arbeitszeit, L&#xF6;hne</subfield>
      <subfield code="c">22</subfield>
    </datafield>
    <datafield ind1="b" ind2="1" tag="700">
      <subfield code="a">331.89109430905</subfield>
      <subfield code="c">22ger</subfield>
      <subfield code="z">DNB</subfield>
    </datafield>
    <datafield ind1="-" ind2="1" tag="720">
      <subfield code="a">Paperback / softback</subfield>
      <subfield code="2">Produktform</subfield>
    </datafield>
    <datafield ind1="-" ind2="1" tag="720">
      <subfield code="a">Fachpublikum/ Wissenschaft</subfield>
      <subfield code="2">Zielgruppe</subfield>
    </datafield>
    <datafield ind1="-" ind2="1" tag="720">
      <subfield code="a">BUS069000</subfield>
      <subfield code="2">BISAC Subject Heading</subfield>
    </datafield>
    <datafield ind1="-" ind2="1" tag="720">
      <subfield code="a">HBLX</subfield>
      <subfield code="2">BIC Subject Heading</subfield>
    </datafield>
    <datafield ind1="-" ind2="1" tag="720">
      <subfield code="a">1782: Hardcover, Softcover / Wirtschaft/Volkswirtschaft</subfield>
      <subfield code="2">VLB-WN</subfield>
    </datafield>
    <datafield ind1="-" ind2="1" tag="902">
      <subfield code="g">Deutschland</subfield>
      <subfield code="9">(DE-588)4011882-4</subfield>
    </datafield>
    <datafield ind1="-" ind2="1" tag="902">
      <subfield code="s">Tarifvertrag</subfield>
      <subfield code="9">(DE-588)4117170-6</subfield>
    </datafield>
    <datafield ind1="-" ind2="1" tag="902">
      <subfield code="s">Mindestlohn</subfield>
      <subfield code="9">(DE-588)4170008-9</subfield>
    </datafield>
    <datafield ind1="-" ind2="1" tag="902">
      <subfield code="s">Arbeitsbeziehungen</subfield>
      <subfield code="9">(DE-588)4002617-6</subfield>
    </datafield>
    <datafield ind1="-" ind2="1" tag="902">
      <subfield code="z">Geschichte 1992-2008</subfield>
    </datafield>
    <controlfield tag="SYS">000431780</controlfield>
    <datafield ind1=" " ind2=" " tag="SWD">
      <subfield code="g">Deutsches Reich</subfield>
      <subfield code="9">(DE-588)4011882-4</subfield>
    </datafield>
    <datafield ind1=" " ind2=" " tag="SWD">
      <subfield code="g">Deutsche L&#xE4;nder</subfield>
      <subfield code="9">(DE-588)4011882-4</subfield>
    </datafield>
    <datafield ind1=" " ind2=" " tag="SWD">
      <subfield code="g">Sacrum Romanum Imperium</subfield>
      <subfield code="9">(DE-588)4011882-4</subfield>
    </datafield>
    <datafield ind1=" " ind2=" " tag="SWD">
      <subfield code="g">R&#xF6;misch-Deutsches Reich</subfield>
      <subfield code="9">(DE-588)4011882-4</subfield>
    </datafield>
    <datafield ind1=" " ind2=" " tag="SWD">
      <subfield code="g">Deutschland</subfield>
      <subfield code="h">Gebiet unter Alliierter Besatzung</subfield>
      <subfield code="9">(DE-588)4011882-4</subfield>
    </datafield>
    <datafield ind1=" " ind2=" " tag="SWD">
      <subfield code="g">Deutschland</subfield>
      <subfield code="h">Bundesrepublik, 1990-</subfield>
      <subfield code="9">(DE-588)4011882-4</subfield>
    </datafield>
    <datafield ind1=" " ind2=" " tag="SWD">
      <subfield code="g">BRD</subfield>
      <subfield code="h">1990-</subfield>
      <subfield code="9">(DE-588)4011882-4</subfield>
    </datafield>
    <datafield ind1=" " ind2=" " tag="SWD">
      <subfield code="g">Heiliges R&#xF6;misches Reich deutscher Nation</subfield>
      <subfield code="9">(DE-588)4011882-4</subfield>
    </datafield>
    <datafield ind1=" " ind2=" " tag="SWD">
      <subfield code="g">Germany</subfield>
      <subfield code="h">Deutschland</subfield>
      <subfield code="9">(DE-588)4011882-4</subfield>
    </datafield>
    <datafield ind1=" " ind2=" " tag="SWD">
      <subfield code="g">Deutsches Reich</subfield>
      <subfield code="9">(DE-588)4011882-4</subfield>
    </datafield>
    <datafield ind1=" " ind2=" " tag="SWD">
      <subfield code="g">Deutsche L&#xE4;nder</subfield>
      <subfield code="9">(DE-588)4011882-4</subfield>
    </datafield>
    <datafield ind1=" " ind2=" " tag="SWD">
      <subfield code="g">Sacrum Romanum Imperium</subfield>
      <subfield code="9">(DE-588)4011882-4</subfield>
    </datafield>
    <datafield ind1=" " ind2=" " tag="SWD">
      <subfield code="g">R&#xF6;misch-Deutsches Reich</subfield>
      <subfield code="9">(DE-588)4011882-4</subfield>
    </datafield>
    <datafield ind1=" " ind2=" " tag="SWD">
      <subfield code="g">Deutschland</subfield>
      <subfield code="h">Gebiet unter Alliierter Besatzung</subfield>
      <subfield code="9">(DE-588)4011882-4</subfield>
    </datafield>
    <datafield ind1=" " ind2=" " tag="SWD">
      <subfield code="g">Deutschland</subfield>
      <subfield code="h">Bundesrepublik, 1990-</subfield>
      <subfield code="9">(DE-588)4011882-4</subfield>
    </datafield>
    <datafield ind1=" " ind2=" " tag="SWD">
      <subfield code="g">BRD</subfield>
      <subfield code="h">1990-</subfield>
      <subfield code="9">(DE-588)4011882-4</subfield>
    </datafield>
    <datafield ind1=" " ind2=" " tag="SWD">
      <subfield code="g">Heiliges R&#xF6;misches Reich deutscher Nation</subfield>
      <subfield code="9">(DE-588)4011882-4</subfield>
    </datafield>
    <datafield ind1=" " ind2=" " tag="SWD">
      <subfield code="g">Germany</subfield>
      <subfield code="h">Deutschland</subfield>
      <subfield code="9">(DE-588)4011882-4</subfield>
    </datafield>
    <datafield ind1=" " ind2=" " tag="SWD">
      <subfield code="s">Tarifvertragsrecht</subfield>
      <subfield code="9">(DE-588)4117170-6</subfield>
    </datafield>
    <datafield ind1=" " ind2=" " tag="SWD">
      <subfield code="s">Tarifabkommen</subfield>
      <subfield code="9">(DE-588)4117170-6</subfield>
    </datafield>
    <datafield ind1=" " ind2=" " tag="SWD">
      <subfield code="s">Tarifrecht</subfield>
      <subfield code="h">Tarifvertrag</subfield>
      <subfield code="9">(DE-588)4117170-6</subfield>
    </datafield>
    <datafield ind1=" " ind2=" " tag="SWD">
      <subfield code="s">Tarifvertragsrecht</subfield>
      <subfield code="9">(DE-588)4117170-6</subfield>
    </datafield>
    <datafield ind1=" " ind2=" " tag="SWD">
      <subfield code="s">Tarifabkommen</subfield>
      <subfield code="9">(DE-588)4117170-6</subfield>
    </datafield>
    <datafield ind1=" " ind2=" " tag="SWD">
      <subfield code="s">Tarifrecht</subfield>
      <subfield code="h">Tarifvertrag</subfield>
      <subfield code="9">(DE-588)4117170-6</subfield>
    </datafield>
    <datafield ind1=" " ind2=" " tag="SWD">
      <subfield code="s">Mindesteinkommen</subfield>
      <subfield code="h">Mindestlohn</subfield>
      <subfield code="9">(DE-588)4170008-9</subfield>
    </datafield>
    <datafield ind1=" " ind2=" " tag="SWD">
      <subfield code="s">Mindesteinkommen</subfield>
      <subfield code="h">Mindestlohn</subfield>
      <subfield code="9">(DE-588)4170008-9</subfield>
    </datafield>
    <datafield ind1=" " ind2=" " tag="SWD">
      <subfield code="s">Arbeitgeber</subfield>
      <subfield code="x">Arbeitnehmer</subfield>
      <subfield code="9">(DE-588)4002617-6</subfield>
    </datafield>
    <datafield ind1=" " ind2=" " tag="SWD">
      <subfield code="s">Arbeitgeber-Arbeitnehmer-Beziehungen</subfield>
      <subfield code="9">(DE-588)4002617-6</subfield>
    </datafield>
    <datafield ind1=" " ind2=" " tag="SWD">
      <subfield code="s">Arbeitnehmer</subfield>
      <subfield code="x">Arbeitgeber</subfield>
      <subfield code="9">(DE-588)4002617-6</subfield>
    </datafield>
    <datafield ind1=" " ind2=" " tag="SWD">
      <subfield code="s">Arbeitnehmer-Arbeitgeber-Beziehungen</subfield>
      <subfield code="9">(DE-588)4002617-6</subfield>
    </datafield>
    <datafield ind1=" " ind2=" " tag="SWD">
      <subfield code="s">Industrial relations</subfield>
      <subfield code="9">(DE-588)4002617-6</subfield>
    </datafield>
    <datafield ind1=" " ind2=" " tag="SWD">
      <subfield code="s">Industrielle Beziehungen</subfield>
      <subfield code="9">(DE-588)4002617-6</subfield>
    </datafield>
    <datafield ind1=" " ind2=" " tag="SWD">
      <subfield code="s">Arbeitgeber</subfield>
      <subfield code="x">Arbeitnehmer</subfield>
      <subfield code="9">(DE-588)4002617-6</subfield>
    </datafield>
    <datafield ind1=" " ind2=" " tag="SWD">
      <subfield code="s">Arbeitgeber-Arbeitnehmer-Beziehungen</subfield>
      <subfield code="9">(DE-588)4002617-6</subfield>
    </datafield>
    <datafield ind1=" " ind2=" " tag="SWD">
      <subfield code="s">Arbeitnehmer</subfield>
      <subfield code="x">Arbeitgeber</subfield>
      <subfield code="9">(DE-588)4002617-6</subfield>
    </datafield>
    <datafield ind1=" " ind2=" " tag="SWD">
      <subfield code="s">Arbeitnehmer-Arbeitgeber-Beziehungen</subfield>
      <subfield code="9">(DE-588)4002617-6</subfield>
    </datafield>
    <datafield ind1=" " ind2=" " tag="SWD">
      <subfield code="s">Industrial relations</subfield>
      <subfield code="9">(DE-588)4002617-6</subfield>
    </datafield>
    <datafield ind1=" " ind2=" " tag="SWD">
      <subfield code="s">Industrielle Beziehungen</subfield>
      <subfield code="9">(DE-588)4002617-6</subfield>
    </datafield>
    <datafield ind1=" " ind2=" " tag="AVA">
      <subfield code="a">AKW50</subfield>
      <subfield code="b">XAW1</subfield>
      <subfield code="c">Lesesaal</subfield>
      <subfield code="e">available</subfield>
      <subfield code="t">Verf&#xFC;gbar</subfield>
      <subfield code="f">1</subfield>
      <subfield code="g">0</subfield>
      <subfield code="h">N</subfield>
      <subfield code="i">0</subfield>
      <subfield code="j">L</subfield>
    </datafield>
    <datafield ind1="-" ind2="1" tag="Z30">
      <subfield code="1">XAW1</subfield>
      <subfield code="2">L</subfield>
      <subfield code="9">331.2</subfield>
      <subfield code="g">46923</subfield>
    </datafield>
  </record>