
  <record>
    <leader>01578nM2.01200024------h</leader>
    <controlfield tag="LDR">01578nM2.01200024------h</controlfield>
    <controlfield tag="FMT">MH</controlfield>
    <datafield ind1="-" ind2="1" tag="001">
      <subfield code="a">AC12201635</subfield>
    </datafield>
    <datafield ind1="b" ind2="1" tag="002">
      <subfield code="a">20150303</subfield>
    </datafield>
    <datafield ind1="o" ind2="1" tag="025">
      <subfield code="a">887736994</subfield>
    </datafield>
    <controlfield tag="030">a|5z|||z|0037</controlfield>
    <datafield ind1="a" ind2="1" tag="036">
      <subfield code="a">DE</subfield>
    </datafield>
    <datafield ind1="b" ind2="1" tag="037">
      <subfield code="a">ger</subfield>
    </datafield>
    <controlfield tag="050">|||||cd|d||002</controlfield>
    <controlfield tag="051">m|||||||</controlfield>
    <datafield ind1="a" ind2="1" tag="070">
      <subfield code="a">BSZ</subfield>
    </datafield>
    <datafield ind1="s" ind2="1" tag="076">
      <subfield code="a">48</subfield>
    </datafield>
    <datafield ind1="b" ind2="1" tag="100">
      <subfield code="p">Koepp, Volker</subfield>
      <subfield code="d">1944-</subfield>
      <subfield code="9">(DE-588)108792218</subfield>
      <subfield code="b">[Regie, Drehbuch]</subfield>
    </datafield>
    <datafield ind1="b" ind2="1" tag="104">
      <subfield code="p">Schenk, Ralf</subfield>
      <subfield code="d">1956-</subfield>
      <subfield code="9">(DE-588)124959601</subfield>
      <subfield code="b">[Hrsg.]</subfield>
    </datafield>
    <datafield ind1="-" ind2="1" tag="331">
      <subfield code="a">&lt;&lt;Der&gt;&gt; Wittstock-Zyklus</subfield>
    </datafield>
    <datafield ind1="-" ind2="1" tag="334">
      <subfield code="a">Elektronische Ressource</subfield>
    </datafield>
    <datafield ind1="-" ind2="1" tag="335">
      <subfield code="a">1975 - 1997 ; sieben Filme</subfield>
    </datafield>
    <datafield ind1="-" ind2="1" tag="359">
      <subfield code="a">Volker Koepp. Hrsg. von Ralph Schenk</subfield>
    </datafield>
    <datafield ind1="a" ind2="1" tag="370">
      <subfield code="a">M&#xE4;dchen in Wittstock</subfield>
    </datafield>
    <datafield ind1="a" ind2="1" tag="370">
      <subfield code="a">Wieder in Wittstock</subfield>
    </datafield>
    <datafield ind1="a" ind2="1" tag="370">
      <subfield code="a">Wittstock III</subfield>
    </datafield>
    <datafield ind1="a" ind2="1" tag="370">
      <subfield code="a">Leben und Weben</subfield>
    </datafield>
    <datafield ind1="a" ind2="1" tag="370">
      <subfield code="a">Leben in Wittstock</subfield>
    </datafield>
    <datafield ind1="a" ind2="1" tag="370">
      <subfield code="a">Neues in Wittstock</subfield>
    </datafield>
    <datafield ind1="a" ind2="1" tag="370">
      <subfield code="a">Wittstock, Wittstock</subfield>
    </datafield>
    <datafield ind1="-" ind2="1" tag="410">
      <subfield code="a">[Berlin]</subfield>
    </datafield>
    <datafield ind1="-" ind2="1" tag="412">
      <subfield code="a">Absolut-Medien</subfield>
    </datafield>
    <datafield ind1="-" ind2="1" tag="425">
      <subfield code="a">&#xA9; 2014</subfield>
    </datafield>
    <datafield ind1="a" ind2="1" tag="425">
      <subfield code="a">2014</subfield>
    </datafield>
    <datafield ind1="b" ind2="1" tag="451">
      <subfield code="a">Filmdienst : DEFA-Archiv-Sch&#xE4;tze</subfield>
    </datafield>
    <datafield ind1="-" ind2="1" tag="511">
      <subfield code="a">Orig.: DDR 1975 - 1984, BRD 1992 - 1997</subfield>
    </datafield>
    <datafield ind1="a" ind2="1" tag="516">
      <subfield code="a">Sprache: dt.</subfield>
    </datafield>
    <datafield ind1="b" ind2="1" tag="517">
      <subfield code="p">Enth.</subfield>
      <subfield code="a">DVD 1: M&#xE4;dchen in Wittstock / Regie: Volker Koepp. Buch: Volker Koepp ; Wolfgang Geier [DDR 1975, 18']. Wieder in Wittstock / Buch und Regie: Volker Koepp [DDR 1976, 22']. Wittstock III / Regie: Volker Koepp. Buch: Volker Koepp ; Wolfgang Geier [DDR 1978, 32']. Leben und Weben / Regie: Volker Koepp. Buch: Volker Koepp ; Wolfgang Geier [DDR 1981, 28']. Leben in Wittstock / Regie: Volker Koepp. Buch: Volker Koepp ; Wolfgang Geier ; Annerose Richter [DDR 1984, 85']</subfield>
    </datafield>
    <datafield ind1="b" ind2="1" tag="517">
      <subfield code="p">Enth.</subfield>
      <subfield code="a">DVD 2: Neues in Wittstock / Regie: Volker Koepp. Buch: Volker Koepp ; Gerd Kroske [BRD 1992, 94']. Wittstock, Wittstock / Buch und Regie: Volker Koepp [BRD 1997, 114']</subfield>
    </datafield>
    <datafield ind1="a" ind2="1" tag="540">
      <subfield code="a">978-3-8488-8010-2</subfield>
    </datafield>
    <datafield ind1="a" ind2="1" tag="551">
      <subfield code="a">8010</subfield>
    </datafield>
    <datafield ind1="a" ind2="1" tag="553">
      <subfield code="a">9783848880102</subfield>
    </datafield>
    <datafield ind1="a" ind2="1" tag="652">
      <subfield code="a">DVD-Video</subfield>
    </datafield>
    <datafield ind1="-" ind2="1" tag="653">
      <subfield code="a">2 DVD-Videos (DVD 9, Regionalcode 0, 185 Min. + 208 Min.)</subfield>
      <subfield code="c">s/w, 4:3, mono</subfield>
      <subfield code="d">12 cm</subfield>
      <subfield code="e">Booklet (22 S.)</subfield>
    </datafield>
    <datafield ind1="e" ind2="1" tag="655">
      <subfield code="u">http://www.imdb.com/name/nm0462899/</subfield>
      <subfield code="3">Internet Movie Database (Volker Koepp)</subfield>
    </datafield>
    <datafield ind1="x" ind2="1" tag="700">
      <subfield code="a">306 Kultur, Sozialgeschichte</subfield>
      <subfield code="c">22</subfield>
    </datafield>
    <datafield ind1="x" ind2="1" tag="700">
      <subfield code="a">338 Produktion, Wirtschaftsentwicklung, Wirtschaftspolitik</subfield>
      <subfield code="c">22</subfield>
    </datafield>
    <datafield ind1="x" ind2="1" tag="700">
      <subfield code="a">335 Sozialismus und verwandte Systeme</subfield>
      <subfield code="c">22</subfield>
    </datafield>
    <datafield ind1="x" ind2="1" tag="700">
      <subfield code="a">305.4 Frauen, Frauenbewegungen, Feminismus</subfield>
      <subfield code="c">22</subfield>
    </datafield>
    <datafield ind1="-" ind2="1" tag="902">
      <subfield code="g">Deutschland</subfield>
      <subfield code="h">DDR</subfield>
      <subfield code="9">(DE-588)4011890-3</subfield>
    </datafield>
    <datafield ind1="-" ind2="1" tag="902">
      <subfield code="z">Geschichte 1975-1997</subfield>
    </datafield>
    <datafield ind1="-" ind2="1" tag="902">
      <subfield code="s">Alltag</subfield>
      <subfield code="9">(DE-588)4001307-8</subfield>
    </datafield>
    <datafield ind1="-" ind2="1" tag="902">
      <subfield code="s">Textilarbeiterin</subfield>
      <subfield code="9">(DE-588)4184947-4</subfield>
    </datafield>
    <datafield ind1="-" ind2="1" tag="902">
      <subfield code="s">Frau</subfield>
      <subfield code="9">(DE-588)4018202-2</subfield>
    </datafield>
    <datafield ind1="-" ind2="1" tag="902">
      <subfield code="f">DVD-Video</subfield>
    </datafield>
    <controlfield tag="SYS">000433801</controlfield>
    <datafield ind1=" " ind2=" " tag="PER">
      <subfield code="p">Schenk, Ralph</subfield>
      <subfield code="d">1956-</subfield>
      <subfield code="9">(DE-588)124959601</subfield>
    </datafield>
    <datafield ind1=" " ind2=" " tag="SWD">
      <subfield code="g">Ostzone</subfield>
      <subfield code="9">(DE-588)4011890-3</subfield>
    </datafield>
    <datafield ind1=" " ind2=" " tag="SWD">
      <subfield code="g">DDR</subfield>
      <subfield code="9">(DE-588)4011890-3</subfield>
    </datafield>
    <datafield ind1=" " ind2=" " tag="SWD">
      <subfield code="g">Deutsche Demokratische Republik</subfield>
      <subfield code="9">(DE-588)4011890-3</subfield>
    </datafield>
    <datafield ind1=" " ind2=" " tag="SWD">
      <subfield code="g">Mitteldeutschland</subfield>
      <subfield code="h">DDR</subfield>
      <subfield code="9">(DE-588)4011890-3</subfield>
    </datafield>
    <datafield ind1=" " ind2=" " tag="SWD">
      <subfield code="g">Ostdeutschland</subfield>
      <subfield code="h">DDR</subfield>
      <subfield code="9">(DE-588)4011890-3</subfield>
    </datafield>
    <datafield ind1=" " ind2=" " tag="SWD">
      <subfield code="9">(DE-588)2009177-1</subfield>
    </datafield>
    <datafield ind1=" " ind2=" " tag="SWD">
      <subfield code="g">Deutschland</subfield>
      <subfield code="h">1949-1990, DDR</subfield>
      <subfield code="9">(DE-588)4011890-3</subfield>
    </datafield>
    <datafield ind1=" " ind2=" " tag="SWD">
      <subfield code="g">German Democratic Republic</subfield>
      <subfield code="9">(DE-588)4011890-3</subfield>
    </datafield>
    <datafield ind1=" " ind2=" " tag="SWD">
      <subfield code="g">GDR</subfield>
      <subfield code="9">(DE-588)4011890-3</subfield>
    </datafield>
    <datafield ind1=" " ind2=" " tag="SWD">
      <subfield code="g">R&#xE9;publique D&#xE9;mocratique Allemande</subfield>
      <subfield code="9">(DE-588)4011890-3</subfield>
    </datafield>
    <datafield ind1=" " ind2=" " tag="SWD">
      <subfield code="g">RDA</subfield>
      <subfield code="9">(DE-588)4011890-3</subfield>
    </datafield>
    <datafield ind1=" " ind2=" " tag="SWD">
      <subfield code="g">Germanskaja Demokrati&#x10D;eskaja Respublika</subfield>
      <subfield code="9">(DE-588)4011890-3</subfield>
    </datafield>
    <datafield ind1=" " ind2=" " tag="SWD">
      <subfield code="g">Demokrati&#x10D;eskaja Respublika</subfield>
      <subfield code="h">Deutschland, DDR</subfield>
      <subfield code="9">(DE-588)4011890-3</subfield>
    </datafield>
    <datafield ind1=" " ind2=" " tag="SWD">
      <subfield code="g">Democratic Republic</subfield>
      <subfield code="h">Deutschland, DDR</subfield>
      <subfield code="9">(DE-588)4011890-3</subfield>
    </datafield>
    <datafield ind1=" " ind2=" " tag="SWD">
      <subfield code="g">Demokratische Republik</subfield>
      <subfield code="h">Deutschland, DDR</subfield>
      <subfield code="9">(DE-588)4011890-3</subfield>
    </datafield>
    <datafield ind1=" " ind2=" " tag="SWD">
      <subfield code="g">Niemiecka Republika Demokratyczna</subfield>
      <subfield code="9">(DE-588)4011890-3</subfield>
    </datafield>
    <datafield ind1=" " ind2=" " tag="SWD">
      <subfield code="g">NRD</subfield>
      <subfield code="9">(DE-588)4011890-3</subfield>
    </datafield>
    <datafield ind1=" " ind2=" " tag="SWD">
      <subfield code="g">&#x1E6;umh&#x16B;r&#x12B;yat Alm&#x101;niy&#x101; ad-D&#x12B;muqr&#x101;&#x1E6D;&#x12B;ya</subfield>
      <subfield code="9">(DE-588)4011890-3</subfield>
    </datafield>
    <datafield ind1=" " ind2=" " tag="SWD">
      <subfield code="g">Rep&#xFA;blica Democr&#xE1;tica Alemana</subfield>
      <subfield code="9">(DE-588)4011890-3</subfield>
    </datafield>
    <datafield ind1=" " ind2=" " tag="SWD">
      <subfield code="g">Saksan Demokraattisen Tasavallan</subfield>
      <subfield code="9">(DE-588)4011890-3</subfield>
    </datafield>
    <datafield ind1=" " ind2=" " tag="SWD">
      <subfield code="g">Repubblica Democratica Tedesca</subfield>
      <subfield code="9">(DE-588)4011890-3</subfield>
    </datafield>
    <datafield ind1=" " ind2=" " tag="SWD">
      <subfield code="s">Alltagsph&#xE4;nomen</subfield>
      <subfield code="9">(DE-588)4001307-8</subfield>
    </datafield>
    <datafield ind1=" " ind2=" " tag="SWD">
      <subfield code="s">Alltagsleben</subfield>
      <subfield code="9">(DE-588)4001307-8</subfield>
    </datafield>
    <datafield ind1=" " ind2=" " tag="SWD">
      <subfield code="s">Alltagswelt</subfield>
      <subfield code="9">(DE-588)4001307-8</subfield>
    </datafield>
    <datafield ind1=" " ind2=" " tag="SWD">
      <subfield code="s">Lebensweise</subfield>
      <subfield code="h">Alltag</subfield>
      <subfield code="9">(DE-588)4001307-8</subfield>
    </datafield>
    <datafield ind1=" " ind2=" " tag="SWD">
      <subfield code="s">T&#xE4;gliches Leben</subfield>
      <subfield code="9">(DE-588)4001307-8</subfield>
    </datafield>
    <datafield ind1=" " ind2=" " tag="SWD">
      <subfield code="s">Daily Life</subfield>
      <subfield code="9">(DE-588)4001307-8</subfield>
    </datafield>
    <datafield ind1=" " ind2=" " tag="SWD">
      <subfield code="s">Erwachsene Frau</subfield>
      <subfield code="9">(DE-588)4018202-2</subfield>
    </datafield>
    <datafield ind1=" " ind2=" " tag="SWD">
      <subfield code="s">Weib</subfield>
      <subfield code="9">(DE-588)4018202-2</subfield>
    </datafield>
    <datafield ind1=" " ind2=" " tag="SWD">
      <subfield code="s">Weibliche Erwachsene</subfield>
      <subfield code="9">(DE-588)4018202-2</subfield>
    </datafield>
    <datafield ind1=" " ind2=" " tag="SWD">
      <subfield code="s">Frauen</subfield>
      <subfield code="9">(DE-588)4018202-2</subfield>
    </datafield>
    <datafield ind1=" " ind2=" " tag="PER">
      <subfield code="p">Schenk, Ralph</subfield>
      <subfield code="d">1956-</subfield>
      <subfield code="9">(DE-588)124959601</subfield>
    </datafield>
    <datafield ind1=" " ind2=" " tag="SWD">
      <subfield code="g">Ostzone</subfield>
      <subfield code="9">(DE-588)4011890-3</subfield>
    </datafield>
    <datafield ind1=" " ind2=" " tag="SWD">
      <subfield code="g">DDR</subfield>
      <subfield code="9">(DE-588)4011890-3</subfield>
    </datafield>
    <datafield ind1=" " ind2=" " tag="SWD">
      <subfield code="g">Deutsche Demokratische Republik</subfield>
      <subfield code="9">(DE-588)4011890-3</subfield>
    </datafield>
    <datafield ind1=" " ind2=" " tag="SWD">
      <subfield code="g">Mitteldeutschland</subfield>
      <subfield code="h">DDR</subfield>
      <subfield code="9">(DE-588)4011890-3</subfield>
    </datafield>
    <datafield ind1=" " ind2=" " tag="SWD">
      <subfield code="g">Ostdeutschland</subfield>
      <subfield code="h">DDR</subfield>
      <subfield code="9">(DE-588)4011890-3</subfield>
    </datafield>
    <datafield ind1=" " ind2=" " tag="SWD">
      <subfield code="9">(DE-588)2009177-1</subfield>
    </datafield>
    <datafield ind1=" " ind2=" " tag="SWD">
      <subfield code="g">Deutschland</subfield>
      <subfield code="h">1949-1990, DDR</subfield>
      <subfield code="9">(DE-588)4011890-3</subfield>
    </datafield>
    <datafield ind1=" " ind2=" " tag="SWD">
      <subfield code="g">German Democratic Republic</subfield>
      <subfield code="9">(DE-588)4011890-3</subfield>
    </datafield>
    <datafield ind1=" " ind2=" " tag="SWD">
      <subfield code="g">GDR</subfield>
      <subfield code="9">(DE-588)4011890-3</subfield>
    </datafield>
    <datafield ind1=" " ind2=" " tag="SWD">
      <subfield code="g">R&#xE9;publique D&#xE9;mocratique Allemande</subfield>
      <subfield code="9">(DE-588)4011890-3</subfield>
    </datafield>
    <datafield ind1=" " ind2=" " tag="SWD">
      <subfield code="g">RDA</subfield>
      <subfield code="9">(DE-588)4011890-3</subfield>
    </datafield>
    <datafield ind1=" " ind2=" " tag="SWD">
      <subfield code="g">Germanskaja Demokrati&#x10D;eskaja Respublika</subfield>
      <subfield code="9">(DE-588)4011890-3</subfield>
    </datafield>
    <datafield ind1=" " ind2=" " tag="SWD">
      <subfield code="g">Demokrati&#x10D;eskaja Respublika</subfield>
      <subfield code="h">Deutschland, DDR</subfield>
      <subfield code="9">(DE-588)4011890-3</subfield>
    </datafield>
    <datafield ind1=" " ind2=" " tag="SWD">
      <subfield code="g">Democratic Republic</subfield>
      <subfield code="h">Deutschland, DDR</subfield>
      <subfield code="9">(DE-588)4011890-3</subfield>
    </datafield>
    <datafield ind1=" " ind2=" " tag="SWD">
      <subfield code="g">Demokratische Republik</subfield>
      <subfield code="h">Deutschland, DDR</subfield>
      <subfield code="9">(DE-588)4011890-3</subfield>
    </datafield>
    <datafield ind1=" " ind2=" " tag="SWD">
      <subfield code="g">Niemiecka Republika Demokratyczna</subfield>
      <subfield code="9">(DE-588)4011890-3</subfield>
    </datafield>
    <datafield ind1=" " ind2=" " tag="SWD">
      <subfield code="g">NRD</subfield>
      <subfield code="9">(DE-588)4011890-3</subfield>
    </datafield>
    <datafield ind1=" " ind2=" " tag="SWD">
      <subfield code="g">&#x1E6;umh&#x16B;r&#x12B;yat Alm&#x101;niy&#x101; ad-D&#x12B;muqr&#x101;&#x1E6D;&#x12B;ya</subfield>
      <subfield code="9">(DE-588)4011890-3</subfield>
    </datafield>
    <datafield ind1=" " ind2=" " tag="SWD">
      <subfield code="g">Rep&#xFA;blica Democr&#xE1;tica Alemana</subfield>
      <subfield code="9">(DE-588)4011890-3</subfield>
    </datafield>
    <datafield ind1=" " ind2=" " tag="SWD">
      <subfield code="g">Saksan Demokraattisen Tasavallan</subfield>
      <subfield code="9">(DE-588)4011890-3</subfield>
    </datafield>
    <datafield ind1=" " ind2=" " tag="SWD">
      <subfield code="g">Repubblica Democratica Tedesca</subfield>
      <subfield code="9">(DE-588)4011890-3</subfield>
    </datafield>
    <datafield ind1=" " ind2=" " tag="SWD">
      <subfield code="s">Alltagsph&#xE4;nomen</subfield>
      <subfield code="9">(DE-588)4001307-8</subfield>
    </datafield>
    <datafield ind1=" " ind2=" " tag="SWD">
      <subfield code="s">Alltagsleben</subfield>
      <subfield code="9">(DE-588)4001307-8</subfield>
    </datafield>
    <datafield ind1=" " ind2=" " tag="SWD">
      <subfield code="s">Alltagswelt</subfield>
      <subfield code="9">(DE-588)4001307-8</subfield>
    </datafield>
    <datafield ind1=" " ind2=" " tag="SWD">
      <subfield code="s">Lebensweise</subfield>
      <subfield code="h">Alltag</subfield>
      <subfield code="9">(DE-588)4001307-8</subfield>
    </datafield>
    <datafield ind1=" " ind2=" " tag="SWD">
      <subfield code="s">T&#xE4;gliches Leben</subfield>
      <subfield code="9">(DE-588)4001307-8</subfield>
    </datafield>
    <datafield ind1=" " ind2=" " tag="SWD">
      <subfield code="s">Daily Life</subfield>
      <subfield code="9">(DE-588)4001307-8</subfield>
    </datafield>
    <datafield ind1=" " ind2=" " tag="SWD">
      <subfield code="s">Erwachsene Frau</subfield>
      <subfield code="9">(DE-588)4018202-2</subfield>
    </datafield>
    <datafield ind1=" " ind2=" " tag="SWD">
      <subfield code="s">Weib</subfield>
      <subfield code="9">(DE-588)4018202-2</subfield>
    </datafield>
    <datafield ind1=" " ind2=" " tag="SWD">
      <subfield code="s">Weibliche Erwachsene</subfield>
      <subfield code="9">(DE-588)4018202-2</subfield>
    </datafield>
    <datafield ind1=" " ind2=" " tag="SWD">
      <subfield code="s">Frauen</subfield>
      <subfield code="9">(DE-588)4018202-2</subfield>
    </datafield>
    <datafield ind1=" " ind2=" " tag="AVA">
      <subfield code="a">AKW50</subfield>
      <subfield code="b">XAW1</subfield>
      <subfield code="c">DVD Sammlung Arbeit im Film</subfield>
      <subfield code="d">F17</subfield>
      <subfield code="e">available</subfield>
      <subfield code="t">Verf&#xFC;gbar</subfield>
      <subfield code="f">1</subfield>
      <subfield code="g">0</subfield>
      <subfield code="h">N</subfield>
      <subfield code="i">0</subfield>
      <subfield code="j">ZSF</subfield>
    </datafield>
    <datafield ind1="-" ind2="1" tag="Z30">
      <subfield code="1">XAW1</subfield>
      <subfield code="2">ZSF</subfield>
      <subfield code="3">F17</subfield>
    </datafield>
  </record>