
  <record>
    <leader>00000nM2.01200024------h</leader>
    <controlfield tag="LDR">00000nM2.01200024------h</controlfield>
    <controlfield tag="FMT">MH</controlfield>
    <datafield ind1="-" ind2="1" tag="001">
      <subfield code="a">AC08514147</subfield>
    </datafield>
    <controlfield tag="030">a|1ucr|||||37</controlfield>
    <datafield ind1="a" ind2="1" tag="036">
      <subfield code="a">DE</subfield>
    </datafield>
    <datafield ind1="b" ind2="1" tag="037">
      <subfield code="a">ger</subfield>
    </datafield>
    <controlfield tag="050">|||||cd|d||001</controlfield>
    <controlfield tag="051">m||||||2</controlfield>
    <datafield ind1="s" ind2="1" tag="076">
      <subfield code="a">48</subfield>
    </datafield>
    <datafield ind1="b" ind2="1" tag="100">
      <subfield code="p">Schmid, Hans-Christian</subfield>
      <subfield code="d">1965-</subfield>
      <subfield code="9">(DE-588)120771357</subfield>
      <subfield code="b">[Regie, Drehbuch]</subfield>
    </datafield>
    <datafield ind1="-" ind2="1" tag="331">
      <subfield code="a">&lt;&lt;Die&gt;&gt; wundersame Welt der Waschkraft</subfield>
    </datafield>
    <datafield ind1="-" ind2="1" tag="334">
      <subfield code="a">Elektronische Ressource</subfield>
    </datafield>
    <datafield ind1="-" ind2="1" tag="359">
      <subfield code="a">ein Film von Hans-Christian Schmid</subfield>
    </datafield>
    <datafield ind1="-" ind2="1" tag="410">
      <subfield code="a">[Berlin]</subfield>
    </datafield>
    <datafield ind1="-" ind2="1" tag="412">
      <subfield code="a">Good! movies</subfield>
    </datafield>
    <datafield ind1="-" ind2="1" tag="425">
      <subfield code="a">&#xA9; 2010</subfield>
    </datafield>
    <datafield ind1="a" ind2="1" tag="425">
      <subfield code="a">2010</subfield>
    </datafield>
    <datafield ind1="-" ind2="1" tag="511">
      <subfield code="a">Orig.: DE 2009</subfield>
    </datafield>
    <datafield ind1="-" ind2="1" tag="516">
      <subfield code="a">Sprache: Originalfassung - Untertitel: dt., engl., poln.</subfield>
    </datafield>
    <datafield ind1="a" ind2="1" tag="517">
      <subfield code="p">Enth. au&#xDF;erdem Extras</subfield>
      <subfield code="a">Ausf&#xFC;hrliches Booklet. Trailer</subfield>
    </datafield>
    <datafield ind1="a" ind2="1" tag="551">
      <subfield code="a">Indigo 956038</subfield>
    </datafield>
    <datafield ind1="-" ind2="1" tag="553">
      <subfield code="a">4047179560382</subfield>
    </datafield>
    <datafield ind1="a" ind2="1" tag="652">
      <subfield code="a">DVD-Video</subfield>
    </datafield>
    <datafield ind1="-" ind2="1" tag="653">
      <subfield code="a">1 DVD-Video (DVD 9, Regionalcode 0, 97 Min.)</subfield>
      <subfield code="c">farb., 16:9, 1:1,85, DD 5.1/2.0</subfield>
      <subfield code="d">12 cm</subfield>
      <subfield code="e">Booklet 4 Bl.</subfield>
    </datafield>
    <datafield ind1="x" ind2="1" tag="700">
      <subfield code="a">337 Weltwirtschaft, internationale Wirtschaftsbeziehungen</subfield>
      <subfield code="c">22</subfield>
    </datafield>
    <datafield ind1="x" ind2="1" tag="700">
      <subfield code="a">331.2 Arbeitsbedingungen, Arbeitszeit, L&#xF6;hne</subfield>
      <subfield code="c">22</subfield>
    </datafield>
    <datafield ind1="-" ind2="1" tag="902">
      <subfield code="g">Polen</subfield>
      <subfield code="9">(DE-588)4046496-9</subfield>
    </datafield>
    <datafield ind1="-" ind2="1" tag="902">
      <subfield code="g">Deutschland</subfield>
      <subfield code="9">(DE-588)4011882-4</subfield>
    </datafield>
    <datafield ind1="-" ind2="1" tag="902">
      <subfield code="k">Europ&#xE4;ische Union</subfield>
      <subfield code="9">(DE-588)5098525-5</subfield>
    </datafield>
    <datafield ind1="-" ind2="1" tag="902">
      <subfield code="s">Gemeinsamer Markt</subfield>
      <subfield code="9">(DE-588)4200279-5</subfield>
    </datafield>
    <datafield ind1="-" ind2="1" tag="902">
      <subfield code="s">Standortverlagerung</subfield>
      <subfield code="9">(DE-588)4182888-4</subfield>
    </datafield>
    <datafield ind1="-" ind2="1" tag="902">
      <subfield code="s">W&#xE4;scherei</subfield>
      <subfield code="9">(DE-588)4188884-4</subfield>
    </datafield>
    <datafield ind1="-" ind2="1" tag="902">
      <subfield code="s">Frauenarbeit</subfield>
      <subfield code="9">(DE-588)4018210-1</subfield>
    </datafield>
    <datafield ind1="-" ind2="1" tag="902">
      <subfield code="f">DVD-Video</subfield>
    </datafield>
    <controlfield tag="SYS">000434467</controlfield>
    <datafield ind1=" " ind2=" " tag="SWD">
      <subfield code="g">Generalgouvernement Polen</subfield>
      <subfield code="9">(DE-588)4046496-9</subfield>
    </datafield>
    <datafield ind1=" " ind2=" " tag="SWD">
      <subfield code="g">Polska</subfield>
      <subfield code="9">(DE-588)4046496-9</subfield>
    </datafield>
    <datafield ind1=" " ind2=" " tag="SWD">
      <subfield code="g">Rzeczpospolita Polska</subfield>
      <subfield code="9">(DE-588)4046496-9</subfield>
    </datafield>
    <datafield ind1=" " ind2=" " tag="SWD">
      <subfield code="g">PRL</subfield>
      <subfield code="9">(DE-588)4046496-9</subfield>
    </datafield>
    <datafield ind1=" " ind2=" " tag="SWD">
      <subfield code="g">Polska Rzeczpospolita Ludowa</subfield>
      <subfield code="9">(DE-588)4046496-9</subfield>
    </datafield>
    <datafield ind1=" " ind2=" " tag="SWD">
      <subfield code="g">Poland</subfield>
      <subfield code="9">(DE-588)4046496-9</subfield>
    </datafield>
    <datafield ind1=" " ind2=" " tag="SWD">
      <subfield code="g">Pologne</subfield>
      <subfield code="9">(DE-588)4046496-9</subfield>
    </datafield>
    <datafield ind1=" " ind2=" " tag="SWD">
      <subfield code="g">R&#xE9;publique Polonaise</subfield>
      <subfield code="9">(DE-588)4046496-9</subfield>
    </datafield>
    <datafield ind1=" " ind2=" " tag="SWD">
      <subfield code="g">Generalne Gubernatorstwo w Polsce</subfield>
      <subfield code="9">(DE-588)4046496-9</subfield>
    </datafield>
    <datafield ind1=" " ind2=" " tag="SWD">
      <subfield code="g">Polish People's Republic</subfield>
      <subfield code="9">(DE-588)4046496-9</subfield>
    </datafield>
    <datafield ind1=" " ind2=" " tag="SWD">
      <subfield code="g">Polska Rzeczpospolita</subfield>
      <subfield code="h">Polen</subfield>
      <subfield code="9">(DE-588)4046496-9</subfield>
    </datafield>
    <datafield ind1=" " ind2=" " tag="SWD">
      <subfield code="g">RP</subfield>
      <subfield code="9">(DE-588)4046496-9</subfield>
    </datafield>
    <datafield ind1=" " ind2=" " tag="SWD">
      <subfield code="g">Polen</subfield>
      <subfield code="h">Generalgouvernement</subfield>
      <subfield code="9">(DE-588)4046496-9</subfield>
    </datafield>
    <datafield ind1=" " ind2=" " tag="SWD">
      <subfield code="g">Polska</subfield>
      <subfield code="h">Generalgouvernement</subfield>
      <subfield code="9">(DE-588)4046496-9</subfield>
    </datafield>
    <datafield ind1=" " ind2=" " tag="SWD">
      <subfield code="g">Besetzte Polnische Gebiete</subfield>
      <subfield code="9">(DE-588)4046496-9</subfield>
    </datafield>
    <datafield ind1=" " ind2=" " tag="SWD">
      <subfield code="g">Besetztes Gebiet in Polen</subfield>
      <subfield code="9">(DE-588)4046496-9</subfield>
    </datafield>
    <datafield ind1=" " ind2=" " tag="SWD">
      <subfield code="g">Okupowane Polskie Obszary</subfield>
      <subfield code="9">(DE-588)4046496-9</subfield>
    </datafield>
    <datafield ind1=" " ind2=" " tag="SWD">
      <subfield code="g">Obszary Okupowane w Polsce</subfield>
      <subfield code="9">(DE-588)4046496-9</subfield>
    </datafield>
    <datafield ind1=" " ind2=" " tag="SWD">
      <subfield code="g">Volksrepublik Polen</subfield>
      <subfield code="9">(DE-588)4046496-9</subfield>
    </datafield>
    <datafield ind1=" " ind2=" " tag="SWD">
      <subfield code="g">Polska Rosyjska</subfield>
      <subfield code="9">(DE-588)4046496-9</subfield>
    </datafield>
    <datafield ind1=" " ind2=" " tag="SWD">
      <subfield code="g">Republic Polen</subfield>
      <subfield code="9">(DE-588)4046496-9</subfield>
    </datafield>
    <datafield ind1=" " ind2=" " tag="SWD">
      <subfield code="g">Respublika Pol'&#x161;a</subfield>
      <subfield code="9">(DE-588)4046496-9</subfield>
    </datafield>
    <datafield ind1=" " ind2=" " tag="SWD">
      <subfield code="g">Pol'skaja Narodnaja Respublika</subfield>
      <subfield code="9">(DE-588)4046496-9</subfield>
    </datafield>
    <datafield ind1=" " ind2=" " tag="SWD">
      <subfield code="g">R&#xE9;publique de Pologne</subfield>
      <subfield code="9">(DE-588)4046496-9</subfield>
    </datafield>
    <datafield ind1=" " ind2=" " tag="SWD">
      <subfield code="g">Polen Links der Weichsel</subfield>
      <subfield code="9">(DE-588)4046496-9</subfield>
    </datafield>
    <datafield ind1=" " ind2=" " tag="SWD">
      <subfield code="g">Polska po Lewej Stronie Wis&#x142;y</subfield>
      <subfield code="9">(DE-588)4046496-9</subfield>
    </datafield>
    <datafield ind1=" " ind2=" " tag="SWD">
      <subfield code="g">Lenkija</subfield>
      <subfield code="9">(DE-588)4046496-9</subfield>
    </datafield>
    <datafield ind1=" " ind2=" " tag="SWD">
      <subfield code="g">Gubernija Carstva Pol'skago</subfield>
      <subfield code="9">(DE-588)4046496-9</subfield>
    </datafield>
    <datafield ind1=" " ind2=" " tag="SWD">
      <subfield code="g">Republik Polen</subfield>
      <subfield code="9">(DE-588)4046496-9</subfield>
    </datafield>
    <datafield ind1=" " ind2=" " tag="SWD">
      <subfield code="9">(DE-588)36365-0</subfield>
    </datafield>
    <datafield ind1=" " ind2=" " tag="SWD">
      <subfield code="g">Generalgouvernement Polen</subfield>
      <subfield code="9">(DE-588)4046496-9</subfield>
    </datafield>
    <datafield ind1=" " ind2=" " tag="SWD">
      <subfield code="g">Polska</subfield>
      <subfield code="9">(DE-588)4046496-9</subfield>
    </datafield>
    <datafield ind1=" " ind2=" " tag="SWD">
      <subfield code="g">Rzeczpospolita Polska</subfield>
      <subfield code="9">(DE-588)4046496-9</subfield>
    </datafield>
    <datafield ind1=" " ind2=" " tag="SWD">
      <subfield code="g">PRL</subfield>
      <subfield code="9">(DE-588)4046496-9</subfield>
    </datafield>
    <datafield ind1=" " ind2=" " tag="SWD">
      <subfield code="g">Polska Rzeczpospolita Ludowa</subfield>
      <subfield code="9">(DE-588)4046496-9</subfield>
    </datafield>
    <datafield ind1=" " ind2=" " tag="SWD">
      <subfield code="g">Poland</subfield>
      <subfield code="9">(DE-588)4046496-9</subfield>
    </datafield>
    <datafield ind1=" " ind2=" " tag="SWD">
      <subfield code="g">Pologne</subfield>
      <subfield code="9">(DE-588)4046496-9</subfield>
    </datafield>
    <datafield ind1=" " ind2=" " tag="SWD">
      <subfield code="g">R&#xE9;publique Polonaise</subfield>
      <subfield code="9">(DE-588)4046496-9</subfield>
    </datafield>
    <datafield ind1=" " ind2=" " tag="SWD">
      <subfield code="g">Generalne Gubernatorstwo w Polsce</subfield>
      <subfield code="9">(DE-588)4046496-9</subfield>
    </datafield>
    <datafield ind1=" " ind2=" " tag="SWD">
      <subfield code="g">Polish People's Republic</subfield>
      <subfield code="9">(DE-588)4046496-9</subfield>
    </datafield>
    <datafield ind1=" " ind2=" " tag="SWD">
      <subfield code="g">Polska Rzeczpospolita</subfield>
      <subfield code="h">Polen</subfield>
      <subfield code="9">(DE-588)4046496-9</subfield>
    </datafield>
    <datafield ind1=" " ind2=" " tag="SWD">
      <subfield code="g">RP</subfield>
      <subfield code="9">(DE-588)4046496-9</subfield>
    </datafield>
    <datafield ind1=" " ind2=" " tag="SWD">
      <subfield code="g">Polen</subfield>
      <subfield code="h">Generalgouvernement</subfield>
      <subfield code="9">(DE-588)4046496-9</subfield>
    </datafield>
    <datafield ind1=" " ind2=" " tag="SWD">
      <subfield code="g">Polska</subfield>
      <subfield code="h">Generalgouvernement</subfield>
      <subfield code="9">(DE-588)4046496-9</subfield>
    </datafield>
    <datafield ind1=" " ind2=" " tag="SWD">
      <subfield code="g">Besetzte Polnische Gebiete</subfield>
      <subfield code="9">(DE-588)4046496-9</subfield>
    </datafield>
    <datafield ind1=" " ind2=" " tag="SWD">
      <subfield code="g">Besetztes Gebiet in Polen</subfield>
      <subfield code="9">(DE-588)4046496-9</subfield>
    </datafield>
    <datafield ind1=" " ind2=" " tag="SWD">
      <subfield code="g">Okupowane Polskie Obszary</subfield>
      <subfield code="9">(DE-588)4046496-9</subfield>
    </datafield>
    <datafield ind1=" " ind2=" " tag="SWD">
      <subfield code="g">Obszary Okupowane w Polsce</subfield>
      <subfield code="9">(DE-588)4046496-9</subfield>
    </datafield>
    <datafield ind1=" " ind2=" " tag="SWD">
      <subfield code="g">Volksrepublik Polen</subfield>
      <subfield code="9">(DE-588)4046496-9</subfield>
    </datafield>
    <datafield ind1=" " ind2=" " tag="SWD">
      <subfield code="g">Polska Rosyjska</subfield>
      <subfield code="9">(DE-588)4046496-9</subfield>
    </datafield>
    <datafield ind1=" " ind2=" " tag="SWD">
      <subfield code="g">Republic Polen</subfield>
      <subfield code="9">(DE-588)4046496-9</subfield>
    </datafield>
    <datafield ind1=" " ind2=" " tag="SWD">
      <subfield code="g">Respublika Pol'&#x161;a</subfield>
      <subfield code="9">(DE-588)4046496-9</subfield>
    </datafield>
    <datafield ind1=" " ind2=" " tag="SWD">
      <subfield code="g">Pol'skaja Narodnaja Respublika</subfield>
      <subfield code="9">(DE-588)4046496-9</subfield>
    </datafield>
    <datafield ind1=" " ind2=" " tag="SWD">
      <subfield code="g">R&#xE9;publique de Pologne</subfield>
      <subfield code="9">(DE-588)4046496-9</subfield>
    </datafield>
    <datafield ind1=" " ind2=" " tag="SWD">
      <subfield code="g">Polen Links der Weichsel</subfield>
      <subfield code="9">(DE-588)4046496-9</subfield>
    </datafield>
    <datafield ind1=" " ind2=" " tag="SWD">
      <subfield code="g">Polska po Lewej Stronie Wis&#x142;y</subfield>
      <subfield code="9">(DE-588)4046496-9</subfield>
    </datafield>
    <datafield ind1=" " ind2=" " tag="SWD">
      <subfield code="g">Lenkija</subfield>
      <subfield code="9">(DE-588)4046496-9</subfield>
    </datafield>
    <datafield ind1=" " ind2=" " tag="SWD">
      <subfield code="g">Gubernija Carstva Pol'skago</subfield>
      <subfield code="9">(DE-588)4046496-9</subfield>
    </datafield>
    <datafield ind1=" " ind2=" " tag="SWD">
      <subfield code="g">Republik Polen</subfield>
      <subfield code="9">(DE-588)4046496-9</subfield>
    </datafield>
    <datafield ind1=" " ind2=" " tag="SWD">
      <subfield code="9">(DE-588)36365-0</subfield>
    </datafield>
    <datafield ind1=" " ind2=" " tag="SWD">
      <subfield code="g">Deutsches Reich</subfield>
      <subfield code="9">(DE-588)4011882-4</subfield>
    </datafield>
    <datafield ind1=" " ind2=" " tag="SWD">
      <subfield code="g">Deutsche L&#xE4;nder</subfield>
      <subfield code="9">(DE-588)4011882-4</subfield>
    </datafield>
    <datafield ind1=" " ind2=" " tag="SWD">
      <subfield code="g">Sacrum Romanum Imperium</subfield>
      <subfield code="9">(DE-588)4011882-4</subfield>
    </datafield>
    <datafield ind1=" " ind2=" " tag="SWD">
      <subfield code="g">R&#xF6;misch-Deutsches Reich</subfield>
      <subfield code="9">(DE-588)4011882-4</subfield>
    </datafield>
    <datafield ind1=" " ind2=" " tag="SWD">
      <subfield code="g">Deutschland</subfield>
      <subfield code="h">Gebiet unter Alliierter Besatzung</subfield>
      <subfield code="9">(DE-588)4011882-4</subfield>
    </datafield>
    <datafield ind1=" " ind2=" " tag="SWD">
      <subfield code="g">Deutschland</subfield>
      <subfield code="h">Bundesrepublik, 1990-</subfield>
      <subfield code="9">(DE-588)4011882-4</subfield>
    </datafield>
    <datafield ind1=" " ind2=" " tag="SWD">
      <subfield code="g">BRD</subfield>
      <subfield code="h">1990-</subfield>
      <subfield code="9">(DE-588)4011882-4</subfield>
    </datafield>
    <datafield ind1=" " ind2=" " tag="SWD">
      <subfield code="g">Heiliges R&#xF6;misches Reich deutscher Nation</subfield>
      <subfield code="9">(DE-588)4011882-4</subfield>
    </datafield>
    <datafield ind1=" " ind2=" " tag="SWD">
      <subfield code="g">Germany</subfield>
      <subfield code="h">Deutschland</subfield>
      <subfield code="9">(DE-588)4011882-4</subfield>
    </datafield>
    <datafield ind1=" " ind2=" " tag="SWD">
      <subfield code="g">Deutsches Reich</subfield>
      <subfield code="9">(DE-588)4011882-4</subfield>
    </datafield>
    <datafield ind1=" " ind2=" " tag="SWD">
      <subfield code="g">Deutsche L&#xE4;nder</subfield>
      <subfield code="9">(DE-588)4011882-4</subfield>
    </datafield>
    <datafield ind1=" " ind2=" " tag="SWD">
      <subfield code="g">Sacrum Romanum Imperium</subfield>
      <subfield code="9">(DE-588)4011882-4</subfield>
    </datafield>
    <datafield ind1=" " ind2=" " tag="SWD">
      <subfield code="g">R&#xF6;misch-Deutsches Reich</subfield>
      <subfield code="9">(DE-588)4011882-4</subfield>
    </datafield>
    <datafield ind1=" " ind2=" " tag="SWD">
      <subfield code="g">Deutschland</subfield>
      <subfield code="h">Gebiet unter Alliierter Besatzung</subfield>
      <subfield code="9">(DE-588)4011882-4</subfield>
    </datafield>
    <datafield ind1=" " ind2=" " tag="SWD">
      <subfield code="g">Deutschland</subfield>
      <subfield code="h">Bundesrepublik, 1990-</subfield>
      <subfield code="9">(DE-588)4011882-4</subfield>
    </datafield>
    <datafield ind1=" " ind2=" " tag="SWD">
      <subfield code="g">BRD</subfield>
      <subfield code="h">1990-</subfield>
      <subfield code="9">(DE-588)4011882-4</subfield>
    </datafield>
    <datafield ind1=" " ind2=" " tag="SWD">
      <subfield code="g">Heiliges R&#xF6;misches Reich deutscher Nation</subfield>
      <subfield code="9">(DE-588)4011882-4</subfield>
    </datafield>
    <datafield ind1=" " ind2=" " tag="SWD">
      <subfield code="g">Germany</subfield>
      <subfield code="h">Deutschland</subfield>
      <subfield code="9">(DE-588)4011882-4</subfield>
    </datafield>
    <datafield ind1=" " ind2=" " tag="SWD">
      <subfield code="s">Standort</subfield>
      <subfield code="x">Verlagerung</subfield>
      <subfield code="9">(DE-588)4182888-4</subfield>
    </datafield>
    <datafield ind1=" " ind2=" " tag="SWD">
      <subfield code="s">Standortwechsel</subfield>
      <subfield code="9">(DE-588)4182888-4</subfield>
    </datafield>
    <datafield ind1=" " ind2=" " tag="SWD">
      <subfield code="s">Standort</subfield>
      <subfield code="x">Verlagerung</subfield>
      <subfield code="9">(DE-588)4182888-4</subfield>
    </datafield>
    <datafield ind1=" " ind2=" " tag="SWD">
      <subfield code="s">Standortwechsel</subfield>
      <subfield code="9">(DE-588)4182888-4</subfield>
    </datafield>
    <datafield ind1=" " ind2=" " tag="SWD">
      <subfield code="s">Frauenerwerbst&#xE4;tigkeit</subfield>
      <subfield code="9">(DE-588)4018210-1</subfield>
    </datafield>
    <datafield ind1=" " ind2=" " tag="SWD">
      <subfield code="s">Frauenerwerbst&#xE4;tigkeit</subfield>
      <subfield code="9">(DE-588)4018210-1</subfield>
    </datafield>
    <datafield ind1=" " ind2=" " tag="SWD">
      <subfield code="k">Eur&#x14D;pai&#x34F;&#x308;ke En&#x14D;s&#x113;</subfield>
      <subfield code="9">(DE-588)5098525-5</subfield>
    </datafield>
    <datafield ind1=" " ind2=" " tag="SWD">
      <subfield code="9">(DE-588)4131753-1</subfield>
    </datafield>
    <datafield ind1=" " ind2=" " tag="SWD">
      <subfield code="k">Union europ&#xE9;enne</subfield>
      <subfield code="9">(DE-588)5098525-5</subfield>
    </datafield>
    <datafield ind1=" " ind2=" " tag="SWD">
      <subfield code="k">European Union</subfield>
      <subfield code="9">(DE-588)5098525-5</subfield>
    </datafield>
    <datafield ind1=" " ind2=" " tag="SWD">
      <subfield code="k">Uni&#xF3;n Europea</subfield>
      <subfield code="9">(DE-588)5098525-5</subfield>
    </datafield>
    <datafield ind1=" " ind2=" " tag="SWD">
      <subfield code="k">Europaeiske Union</subfield>
      <subfield code="9">(DE-588)5098525-5</subfield>
    </datafield>
    <datafield ind1=" " ind2=" " tag="SWD">
      <subfield code="k">Union Europea</subfield>
      <subfield code="9">(DE-588)5098525-5</subfield>
    </datafield>
    <datafield ind1=" " ind2=" " tag="SWD">
      <subfield code="k">Unione Europea</subfield>
      <subfield code="9">(DE-588)5098525-5</subfield>
    </datafield>
    <datafield ind1=" " ind2=" " tag="SWD">
      <subfield code="k">Europese Unie</subfield>
      <subfield code="9">(DE-588)5098525-5</subfield>
    </datafield>
    <datafield ind1=" " ind2=" " tag="SWD">
      <subfield code="k">Uni&#xE3;o Europeia</subfield>
      <subfield code="9">(DE-588)5098525-5</subfield>
    </datafield>
    <datafield ind1=" " ind2=" " tag="SWD">
      <subfield code="k">Aontas Eorpach</subfield>
      <subfield code="9">(DE-588)5098525-5</subfield>
    </datafield>
    <datafield ind1=" " ind2=" " tag="SWD">
      <subfield code="k">Europska Unija</subfield>
      <subfield code="9">(DE-588)5098525-5</subfield>
    </datafield>
    <datafield ind1=" " ind2=" " tag="SWD">
      <subfield code="k">Unia Europejska</subfield>
      <subfield code="9">(DE-588)5098525-5</subfield>
    </datafield>
    <datafield ind1=" " ind2=" " tag="SWD">
      <subfield code="k">Europos Sa&#x31C;junga</subfield>
      <subfield code="9">(DE-588)5098525-5</subfield>
    </datafield>
    <datafield ind1=" " ind2=" " tag="SWD">
      <subfield code="k">ES</subfield>
      <subfield code="9">(DE-588)5098525-5</subfield>
    </datafield>
    <datafield ind1=" " ind2=" " tag="SWD">
      <subfield code="k">Eiropas Savien&#x12B;ba</subfield>
      <subfield code="9">(DE-588)5098525-5</subfield>
    </datafield>
    <datafield ind1=" " ind2=" " tag="SWD">
      <subfield code="k">Uni&#xF3; Europea</subfield>
      <subfield code="9">(DE-588)5098525-5</subfield>
    </datafield>
    <datafield ind1=" " ind2=" " tag="SWD">
      <subfield code="k">Evropsk&#xE1; Unie</subfield>
      <subfield code="9">(DE-588)5098525-5</subfield>
    </datafield>
    <datafield ind1=" " ind2=" " tag="SWD">
      <subfield code="k">Avrupa Birli&#x11F;i</subfield>
      <subfield code="9">(DE-588)5098525-5</subfield>
    </datafield>
    <datafield ind1=" " ind2=" " tag="SWD">
      <subfield code="k">Evropejskoe Soob&#x161;&#x10D;estvo</subfield>
      <subfield code="9">(DE-588)5098525-5</subfield>
    </datafield>
    <datafield ind1=" " ind2=" " tag="SWD">
      <subfield code="k">Eur&#xF3;pai Uni&#xF3;</subfield>
      <subfield code="9">(DE-588)5098525-5</subfield>
    </datafield>
    <datafield ind1=" " ind2=" " tag="SWD">
      <subfield code="k">Uniunea European&#x103;</subfield>
      <subfield code="9">(DE-588)5098525-5</subfield>
    </datafield>
    <datafield ind1=" " ind2=" " tag="SWD">
      <subfield code="k">EU</subfield>
      <subfield code="9">(DE-588)5098525-5</subfield>
    </datafield>
    <datafield ind1=" " ind2=" " tag="SWD">
      <subfield code="k">EM</subfield>
      <subfield code="9">(DE-588)5098525-5</subfield>
    </datafield>
    <datafield ind1=" " ind2=" " tag="SWD">
      <subfield code="k">Eur&#x14D;pai&#x34F;&#x308;ke En&#x14D;s&#x113;</subfield>
      <subfield code="9">(DE-588)5098525-5</subfield>
    </datafield>
    <datafield ind1=" " ind2=" " tag="SWD">
      <subfield code="9">(DE-588)4131753-1</subfield>
    </datafield>
    <datafield ind1=" " ind2=" " tag="SWD">
      <subfield code="k">Union europ&#xE9;enne</subfield>
      <subfield code="9">(DE-588)5098525-5</subfield>
    </datafield>
    <datafield ind1=" " ind2=" " tag="SWD">
      <subfield code="k">European Union</subfield>
      <subfield code="9">(DE-588)5098525-5</subfield>
    </datafield>
    <datafield ind1=" " ind2=" " tag="SWD">
      <subfield code="k">Uni&#xF3;n Europea</subfield>
      <subfield code="9">(DE-588)5098525-5</subfield>
    </datafield>
    <datafield ind1=" " ind2=" " tag="SWD">
      <subfield code="k">Europaeiske Union</subfield>
      <subfield code="9">(DE-588)5098525-5</subfield>
    </datafield>
    <datafield ind1=" " ind2=" " tag="SWD">
      <subfield code="k">Union Europea</subfield>
      <subfield code="9">(DE-588)5098525-5</subfield>
    </datafield>
    <datafield ind1=" " ind2=" " tag="SWD">
      <subfield code="k">Unione Europea</subfield>
      <subfield code="9">(DE-588)5098525-5</subfield>
    </datafield>
    <datafield ind1=" " ind2=" " tag="SWD">
      <subfield code="k">Europese Unie</subfield>
      <subfield code="9">(DE-588)5098525-5</subfield>
    </datafield>
    <datafield ind1=" " ind2=" " tag="SWD">
      <subfield code="k">Uni&#xE3;o Europeia</subfield>
      <subfield code="9">(DE-588)5098525-5</subfield>
    </datafield>
    <datafield ind1=" " ind2=" " tag="SWD">
      <subfield code="k">Aontas Eorpach</subfield>
      <subfield code="9">(DE-588)5098525-5</subfield>
    </datafield>
    <datafield ind1=" " ind2=" " tag="SWD">
      <subfield code="k">Europska Unija</subfield>
      <subfield code="9">(DE-588)5098525-5</subfield>
    </datafield>
    <datafield ind1=" " ind2=" " tag="SWD">
      <subfield code="k">Unia Europejska</subfield>
      <subfield code="9">(DE-588)5098525-5</subfield>
    </datafield>
    <datafield ind1=" " ind2=" " tag="SWD">
      <subfield code="k">Europos Sa&#x31C;junga</subfield>
      <subfield code="9">(DE-588)5098525-5</subfield>
    </datafield>
    <datafield ind1=" " ind2=" " tag="SWD">
      <subfield code="k">ES</subfield>
      <subfield code="9">(DE-588)5098525-5</subfield>
    </datafield>
    <datafield ind1=" " ind2=" " tag="SWD">
      <subfield code="k">Eiropas Savien&#x12B;ba</subfield>
      <subfield code="9">(DE-588)5098525-5</subfield>
    </datafield>
    <datafield ind1=" " ind2=" " tag="SWD">
      <subfield code="k">Uni&#xF3; Europea</subfield>
      <subfield code="9">(DE-588)5098525-5</subfield>
    </datafield>
    <datafield ind1=" " ind2=" " tag="SWD">
      <subfield code="k">Evropsk&#xE1; Unie</subfield>
      <subfield code="9">(DE-588)5098525-5</subfield>
    </datafield>
    <datafield ind1=" " ind2=" " tag="SWD">
      <subfield code="k">Avrupa Birli&#x11F;i</subfield>
      <subfield code="9">(DE-588)5098525-5</subfield>
    </datafield>
    <datafield ind1=" " ind2=" " tag="SWD">
      <subfield code="k">Evropejskoe Soob&#x161;&#x10D;estvo</subfield>
      <subfield code="9">(DE-588)5098525-5</subfield>
    </datafield>
    <datafield ind1=" " ind2=" " tag="SWD">
      <subfield code="k">Eur&#xF3;pai Uni&#xF3;</subfield>
      <subfield code="9">(DE-588)5098525-5</subfield>
    </datafield>
    <datafield ind1=" " ind2=" " tag="SWD">
      <subfield code="k">Uniunea European&#x103;</subfield>
      <subfield code="9">(DE-588)5098525-5</subfield>
    </datafield>
    <datafield ind1=" " ind2=" " tag="SWD">
      <subfield code="k">EU</subfield>
      <subfield code="9">(DE-588)5098525-5</subfield>
    </datafield>
    <datafield ind1=" " ind2=" " tag="SWD">
      <subfield code="k">EM</subfield>
      <subfield code="9">(DE-588)5098525-5</subfield>
    </datafield>
    <datafield ind1=" " ind2=" " tag="AVA">
      <subfield code="a">AKW50</subfield>
      <subfield code="b">XAW1</subfield>
      <subfield code="c">DVD Sammlung Arbeit im Film</subfield>
      <subfield code="d">F18</subfield>
      <subfield code="e">available</subfield>
      <subfield code="t">Verf&#xFC;gbar</subfield>
      <subfield code="f">1</subfield>
      <subfield code="g">0</subfield>
      <subfield code="h">N</subfield>
      <subfield code="i">0</subfield>
      <subfield code="j">ZSF</subfield>
    </datafield>
    <datafield ind1="-" ind2="1" tag="Z30">
      <subfield code="1">XAW1</subfield>
      <subfield code="2">ZSF</subfield>
      <subfield code="3">F18</subfield>
    </datafield>
  </record>