
  <record>
    <leader>-----nM2.01200024------h</leader>
    <controlfield tag="LDR">-----nM2.01200024------h</controlfield>
    <controlfield tag="FMT">MH</controlfield>
    <datafield ind1="-" ind2="1" tag="001">
      <subfield code="a">AC04073369</subfield>
    </datafield>
    <controlfield tag="030">a|1dcr|||||37</controlfield>
    <datafield ind1="a" ind2="1" tag="036">
      <subfield code="a">US</subfield>
    </datafield>
    <datafield ind1="b" ind2="1" tag="037">
      <subfield code="a">ger</subfield>
      <subfield code="a">eng</subfield>
      <subfield code="a">fre</subfield>
    </datafield>
    <controlfield tag="050">|||||cd|d||001</controlfield>
    <controlfield tag="051">m||||||2</controlfield>
    <datafield ind1="s" ind2="1" tag="076">
      <subfield code="a">48</subfield>
    </datafield>
    <datafield ind1="b" ind2="1" tag="100">
      <subfield code="p">Moore, Michael</subfield>
      <subfield code="d">1954-</subfield>
      <subfield code="9">(DE-588)124123317</subfield>
      <subfield code="b">[Regie]</subfield>
    </datafield>
    <datafield ind1="-" ind2="1" tag="331">
      <subfield code="a">Roger &amp; me</subfield>
    </datafield>
    <datafield ind1="-" ind2="1" tag="334">
      <subfield code="a">Elektronische Ressource</subfield>
    </datafield>
    <datafield ind1="-" ind2="1" tag="335">
      <subfield code="a">ein Rebell und sein Mikrofon</subfield>
    </datafield>
    <datafield ind1="-" ind2="1" tag="359">
      <subfield code="a">ein Film von Michael Moore</subfield>
    </datafield>
    <datafield ind1="-" ind2="1" tag="410">
      <subfield code="a">[S.l.]</subfield>
    </datafield>
    <datafield ind1="-" ind2="1" tag="412">
      <subfield code="a">Warner Home Video</subfield>
    </datafield>
    <datafield ind1="-" ind2="1" tag="425">
      <subfield code="a">&#x2117;1989, &#xA9;2003</subfield>
    </datafield>
    <datafield ind1="a" ind2="1" tag="425">
      <subfield code="a">2003</subfield>
    </datafield>
    <datafield ind1="c" ind2="1" tag="433">
      <subfield code="a">1 DVD-Video (ca. 87 Min.)</subfield>
    </datafield>
    <datafield ind1="-" ind2="1" tag="516">
      <subfield code="a">Sprachen: dt., engl., franz. Untertitel: dt., engl., franz., schwed., norweg., d&#xE4;n., finn. Untertitel f&#xFC;r H&#xF6;rgesch&#xE4;digte: dt., engl.</subfield>
    </datafield>
    <datafield ind1="-" ind2="1" tag="551">
      <subfield code="a">Best.Nr. 2764595</subfield>
    </datafield>
    <datafield ind1="a" ind2="1" tag="652">
      <subfield code="a">DVD</subfield>
    </datafield>
    <datafield ind1="-" ind2="1" tag="653">
      <subfield code="a">1 DVD (Regionalcode 2, ca. 87 Min.)</subfield>
      <subfield code="b">farb., 4:3, 1,33:1, mono</subfield>
      <subfield code="d">12 cm</subfield>
    </datafield>
    <datafield ind1="-" ind2="1" tag="675">
      <subfield code="a">and</subfield>
    </datafield>
    <datafield ind1="x" ind2="1" tag="700">
      <subfield code="a">331.1 Arbeitsmarkt, Arbeitsmarktpolitik</subfield>
      <subfield code="c">22</subfield>
    </datafield>
    <datafield ind1="f" ind2="1" tag="700">
      <subfield code="a">24.34</subfield>
      <subfield code="b">Filmgattungen, Filmsparten</subfield>
    </datafield>
    <datafield ind1="g" ind2="1" tag="700">
      <subfield code="a">AP 49400</subfield>
    </datafield>
    <datafield ind1="-" ind2="1" tag="902">
      <subfield code="g">Flint, Mich.</subfield>
      <subfield code="9">(DE-588)4093007-5</subfield>
    </datafield>
    <datafield ind1="-" ind2="1" tag="902">
      <subfield code="k">General Motors Corporation</subfield>
      <subfield code="h">Detroit, Mich.</subfield>
      <subfield code="9">(DE-588)1021287-5</subfield>
    </datafield>
    <datafield ind1="-" ind2="1" tag="902">
      <subfield code="s">Massenentlassung</subfield>
      <subfield code="9">(DE-588)4125856-3</subfield>
    </datafield>
    <datafield ind1="-" ind2="1" tag="902">
      <subfield code="f">DVD-Video</subfield>
    </datafield>
    <controlfield tag="SYS">000435630</controlfield>
    <datafield ind1=" " ind2=" " tag="SWD">
      <subfield code="9">(DE-588)3018157-4</subfield>
    </datafield>
    <datafield ind1=" " ind2=" " tag="SWD">
      <subfield code="9">(DE-588)3018157-4</subfield>
    </datafield>
    <datafield ind1=" " ind2=" " tag="SWD">
      <subfield code="9">(DE-588)4020102-8</subfield>
    </datafield>
    <datafield ind1=" " ind2=" " tag="SWD">
      <subfield code="k">General Motors</subfield>
      <subfield code="h">Detroit, Mich.</subfield>
      <subfield code="9">(DE-588)1021287-5</subfield>
    </datafield>
    <datafield ind1=" " ind2=" " tag="SWD">
      <subfield code="k">GM</subfield>
      <subfield code="9">(DE-588)1021287-5</subfield>
    </datafield>
    <datafield ind1=" " ind2=" " tag="SWD">
      <subfield code="k">General Motors Corporation</subfield>
      <subfield code="9">(DE-588)1021287-5</subfield>
    </datafield>
    <datafield ind1=" " ind2=" " tag="SWD">
      <subfield code="k">GM</subfield>
      <subfield code="h">General Motors Corporation, Detroit, MI</subfield>
      <subfield code="9">(DE-588)1021287-5</subfield>
    </datafield>
    <datafield ind1=" " ind2=" " tag="SWD">
      <subfield code="k">General Motors</subfield>
      <subfield code="h">Detroit, MI</subfield>
      <subfield code="9">(DE-588)1021287-5</subfield>
    </datafield>
    <datafield ind1=" " ind2=" " tag="SWD">
      <subfield code="k">General Motors Corporation</subfield>
      <subfield code="h">Detroit, MI</subfield>
      <subfield code="9">(DE-588)1021287-5</subfield>
    </datafield>
    <datafield ind1=" " ind2=" " tag="SWD">
      <subfield code="9">(DE-588)4020102-8</subfield>
    </datafield>
    <datafield ind1=" " ind2=" " tag="SWD">
      <subfield code="k">General Motors</subfield>
      <subfield code="h">Detroit, Mich.</subfield>
      <subfield code="9">(DE-588)1021287-5</subfield>
    </datafield>
    <datafield ind1=" " ind2=" " tag="SWD">
      <subfield code="k">GM</subfield>
      <subfield code="9">(DE-588)1021287-5</subfield>
    </datafield>
    <datafield ind1=" " ind2=" " tag="SWD">
      <subfield code="k">General Motors Corporation</subfield>
      <subfield code="9">(DE-588)1021287-5</subfield>
    </datafield>
    <datafield ind1=" " ind2=" " tag="SWD">
      <subfield code="k">GM</subfield>
      <subfield code="h">General Motors Corporation, Detroit, MI</subfield>
      <subfield code="9">(DE-588)1021287-5</subfield>
    </datafield>
    <datafield ind1=" " ind2=" " tag="SWD">
      <subfield code="k">General Motors</subfield>
      <subfield code="h">Detroit, MI</subfield>
      <subfield code="9">(DE-588)1021287-5</subfield>
    </datafield>
    <datafield ind1=" " ind2=" " tag="SWD">
      <subfield code="k">General Motors Corporation</subfield>
      <subfield code="h">Detroit, MI</subfield>
      <subfield code="9">(DE-588)1021287-5</subfield>
    </datafield>
    <datafield ind1=" " ind2=" " tag="SWD">
      <subfield code="s">Anzeigepflichtige Entlassung</subfield>
      <subfield code="9">(DE-588)4125856-3</subfield>
    </datafield>
    <datafield ind1=" " ind2=" " tag="SWD">
      <subfield code="s">Anzeigepflichtige Entlassung</subfield>
      <subfield code="9">(DE-588)4125856-3</subfield>
    </datafield>
    <datafield ind1=" " ind2=" " tag="BKL">
      <subfield code="a">Filmgattungen</subfield>
    </datafield>
    <datafield ind1=" " ind2=" " tag="BKL">
      <subfield code="a">Filmsparten</subfield>
    </datafield>
    <datafield ind1=" " ind2=" " tag="BKL">
      <subfield code="a">film studies: movie genres</subfield>
    </datafield>
    <datafield ind1=" " ind2=" " tag="BKL">
      <subfield code="a">movie genres &lt;film studies&gt;</subfield>
    </datafield>
    <datafield ind1=" " ind2=" " tag="BKL">
      <subfield code="a">Spielfilme</subfield>
    </datafield>
    <datafield ind1=" " ind2=" " tag="BKL">
      <subfield code="a">Dokumentarfilme</subfield>
    </datafield>
    <datafield ind1=" " ind2=" " tag="BKL">
      <subfield code="a">Animationsfilme</subfield>
    </datafield>
    <datafield ind1=" " ind2=" " tag="BKL">
      <subfield code="a">Tonfilme</subfield>
    </datafield>
    <datafield ind1=" " ind2=" " tag="BKL">
      <subfield code="a">SF-Filme</subfield>
    </datafield>
    <datafield ind1=" " ind2=" " tag="BKL">
      <subfield code="a">Werbefilme</subfield>
    </datafield>
    <datafield ind1=" " ind2=" " tag="AVA">
      <subfield code="a">AKW50</subfield>
      <subfield code="b">XAW1</subfield>
      <subfield code="c">DVD Sammlung Arbeit im Film</subfield>
      <subfield code="d">F79</subfield>
      <subfield code="e">available</subfield>
      <subfield code="t">Verf&#xFC;gbar</subfield>
      <subfield code="f">1</subfield>
      <subfield code="g">0</subfield>
      <subfield code="h">N</subfield>
      <subfield code="i">0</subfield>
      <subfield code="j">ZSF</subfield>
    </datafield>
    <datafield ind1="-" ind2="1" tag="Z30">
      <subfield code="1">XAW1</subfield>
      <subfield code="2">ZSF</subfield>
      <subfield code="3">F79</subfield>
    </datafield>
  </record>