
  <record>
    <leader>01780nM2.01200024------h</leader>
    <controlfield tag="LDR">01780nM2.01200024------h</controlfield>
    <controlfield tag="FMT">MH</controlfield>
    <datafield ind1="-" ind2="1" tag="001">
      <subfield code="a">AC08973421</subfield>
    </datafield>
    <datafield ind1="b" ind2="1" tag="002">
      <subfield code="a">20120403</subfield>
    </datafield>
    <datafield ind1="o" ind2="1" tag="025">
      <subfield code="a">775095937</subfield>
    </datafield>
    <controlfield tag="030">az1dcr|||||37</controlfield>
    <datafield ind1="a" ind2="1" tag="036">
      <subfield code="a">RU</subfield>
    </datafield>
    <datafield ind1="b" ind2="1" tag="037">
      <subfield code="a">rus</subfield>
      <subfield code="a">eng</subfield>
      <subfield code="a">fre</subfield>
      <subfield code="a">ger</subfield>
      <subfield code="a">spa</subfield>
    </datafield>
    <controlfield tag="050">|||||cd|d||002</controlfield>
    <controlfield tag="051">s|||||||</controlfield>
    <datafield ind1="s" ind2="1" tag="076">
      <subfield code="a">48</subfield>
    </datafield>
    <datafield ind1="b" ind2="1" tag="100">
      <subfield code="p">&#x116;jzen&#x161;tejn, Sergej M.</subfield>
      <subfield code="d">1898-1948</subfield>
      <subfield code="9">(DE-588)118529684</subfield>
      <subfield code="b">[Regie, Drehbuch]</subfield>
    </datafield>
    <datafield ind1="b" ind2="1" tag="104">
      <subfield code="p">Aleksandrov, Grigorij V.</subfield>
      <subfield code="d">1903-1983</subfield>
      <subfield code="9">(DE-588)122770692</subfield>
      <subfield code="b">[Regie, Drehbuch]</subfield>
    </datafield>
    <datafield ind1="b" ind2="1" tag="108">
      <subfield code="a">Nikandrov, Vasili</subfield>
      <subfield code="b">[Darst.]</subfield>
    </datafield>
    <datafield ind1="b" ind2="1" tag="112">
      <subfield code="a">Popov, Nikolai</subfield>
      <subfield code="b">[Darst.]</subfield>
    </datafield>
    <datafield ind1="b" ind2="1" tag="116">
      <subfield code="a">Tsivyan, Yuri</subfield>
    </datafield>
    <datafield ind1="-" ind2="1" tag="304">
      <subfield code="a">Sta&#x10D;ka</subfield>
    </datafield>
    <datafield ind1="-" ind2="1" tag="331">
      <subfield code="a">&lt;&lt;The&gt;&gt; strike</subfield>
    </datafield>
    <datafield ind1="-" ind2="1" tag="334">
      <subfield code="a">Elektronische Ressource</subfield>
    </datafield>
    <datafield ind1="-" ind2="1" tag="359">
      <subfield code="a">screenplay and direction: Sergey Eisenstein ; Grigori Aleksandrov. Cast: Vasili Nikandrov ; Nikolai Popov ... Commentary: Yuri Tsivyan</subfield>
    </datafield>
    <datafield ind1="-" ind2="1" tag="403">
      <subfield code="a">Restored version</subfield>
    </datafield>
    <datafield ind1="-" ind2="1" tag="410">
      <subfield code="a">[Moskva]</subfield>
    </datafield>
    <datafield ind1="-" ind2="1" tag="412">
      <subfield code="a">Ruscico [u.a.]</subfield>
    </datafield>
    <datafield ind1="-" ind2="1" tag="425">
      <subfield code="a">&#xA9; 2010</subfield>
    </datafield>
    <datafield ind1="a" ind2="1" tag="425">
      <subfield code="a">2010</subfield>
    </datafield>
    <datafield ind1="-" ind2="1" tag="451">
      <subfield code="a">Kino academia ; 4</subfield>
    </datafield>
    <datafield ind1="r" ind2="1" tag="453">
      <subfield code="a">AC08973369</subfield>
    </datafield>
    <datafield ind1="c" ind2="1" tag="454">
      <subfield code="a">Kino academia</subfield>
    </datafield>
    <datafield ind1="-" ind2="1" tag="455">
      <subfield code="a">4</subfield>
    </datafield>
    <datafield ind1="-" ind2="1" tag="456">
      <subfield code="a">4</subfield>
    </datafield>
    <datafield ind1="b" ind2="1" tag="461">
      <subfield code="a">Hyperkino</subfield>
    </datafield>
    <datafield ind1="-" ind2="1" tag="511">
      <subfield code="a">Orig.: 1927</subfield>
    </datafield>
    <datafield ind1="b" ind2="1" tag="517">
      <subfield code="p">Enth.</subfield>
      <subfield code="a">Disc 1: Annotated version (Hyperkino Russian and English versions). - Disc 2: Subtitled version (Russian, English, French, German, Spanish, Italian, Portuguese)</subfield>
    </datafield>
    <datafield ind1="-" ind2="1" tag="553">
      <subfield code="a">4606777020867</subfield>
    </datafield>
    <datafield ind1="a" ind2="1" tag="652">
      <subfield code="a">DVD-Video</subfield>
    </datafield>
    <datafield ind1="-" ind2="1" tag="653">
      <subfield code="a">2 DVD-Videos (94 Min.)</subfield>
      <subfield code="c">s/w, Dolby digital</subfield>
      <subfield code="d">12 cm</subfield>
    </datafield>
    <datafield ind1="x" ind2="1" tag="700">
      <subfield code="a">331.8 Gewerkschaften, Sozialpartnerschaft, Arbeiterbewegung</subfield>
    </datafield>
    <datafield ind1="g" ind2="1" tag="700">
      <subfield code="a">AP 51130</subfield>
    </datafield>
    <datafield ind1="-" ind2="1" tag="902">
      <subfield code="g">Russland</subfield>
      <subfield code="9">(DE-588)4076899-5</subfield>
    </datafield>
    <datafield ind1="-" ind2="1" tag="902">
      <subfield code="s">Arbeiter</subfield>
      <subfield code="9">(DE-588)4112560-5</subfield>
    </datafield>
    <datafield ind1="-" ind2="1" tag="902">
      <subfield code="s">Streik</subfield>
      <subfield code="9">(DE-588)4058029-5</subfield>
    </datafield>
    <datafield ind1="-" ind2="1" tag="902">
      <subfield code="z">Geschichte 1912</subfield>
    </datafield>
    <datafield ind1="-" ind2="1" tag="907">
      <subfield code="t">Sta&#x10D;ka</subfield>
      <subfield code="9">(DE-588)7693762-8</subfield>
    </datafield>
    <datafield ind1="-" ind2="1" tag="907">
      <subfield code="f">DVD-Video</subfield>
    </datafield>
    <controlfield tag="SYS">000435633</controlfield>
    <datafield ind1=" " ind2=" " tag="PER">
      <subfield code="p">Eisenstein, S.M.</subfield>
      <subfield code="d">1898-1948</subfield>
      <subfield code="9">(DE-588)118529684</subfield>
    </datafield>
    <datafield ind1=" " ind2=" " tag="PER">
      <subfield code="p">Eisenstein, Sergej Michael</subfield>
      <subfield code="d">1898-1948</subfield>
      <subfield code="9">(DE-588)118529684</subfield>
    </datafield>
    <datafield ind1=" " ind2=" " tag="PER">
      <subfield code="p">Eisenstein, Sergej Michailowitsch</subfield>
      <subfield code="d">1898-1948</subfield>
      <subfield code="9">(DE-588)118529684</subfield>
    </datafield>
    <datafield ind1=" " ind2=" " tag="PER">
      <subfield code="p">Eisenstein, Serguei&#x34F;&#x308; Mikhai&#x34F;&#x308;lovitch</subfield>
      <subfield code="d">1898-1948</subfield>
      <subfield code="9">(DE-588)118529684</subfield>
    </datafield>
    <datafield ind1=" " ind2=" " tag="PER">
      <subfield code="p">Eisenstein, Serguei&#x34F;&#x308;</subfield>
      <subfield code="d">1898-1948</subfield>
      <subfield code="9">(DE-588)118529684</subfield>
    </datafield>
    <datafield ind1=" " ind2=" " tag="PER">
      <subfield code="p">Eisenstein, Sergei Michael</subfield>
      <subfield code="d">1898-1948</subfield>
      <subfield code="9">(DE-588)118529684</subfield>
    </datafield>
    <datafield ind1=" " ind2=" " tag="PER">
      <subfield code="p">Eisenstein, Sergei&#x34F;&#x308; M.</subfield>
      <subfield code="d">1898-1948</subfield>
      <subfield code="9">(DE-588)118529684</subfield>
    </datafield>
    <datafield ind1=" " ind2=" " tag="PER">
      <subfield code="p">Eisenstein, Serguei&#x34F;&#x308; M.</subfield>
      <subfield code="d">1898-1948</subfield>
      <subfield code="9">(DE-588)118529684</subfield>
    </datafield>
    <datafield ind1=" " ind2=" " tag="PER">
      <subfield code="p">Eisenstein, Sergio</subfield>
      <subfield code="d">1898-1948</subfield>
      <subfield code="9">(DE-588)118529684</subfield>
    </datafield>
    <datafield ind1=" " ind2=" " tag="PER">
      <subfield code="p">Eisenstein, Sergey M.</subfield>
      <subfield code="d">1898-1948</subfield>
      <subfield code="9">(DE-588)118529684</subfield>
    </datafield>
    <datafield ind1=" " ind2=" " tag="PER">
      <subfield code="p">Ejzen&#x161;tejn, Sergej</subfield>
      <subfield code="d">1898-1948</subfield>
      <subfield code="9">(DE-588)118529684</subfield>
    </datafield>
    <datafield ind1=" " ind2=" " tag="PER">
      <subfield code="p">&#x116;&#x12D;zenshte&#x12D;n, Serge&#x12D; Mikha&#x12D;lovich</subfield>
      <subfield code="d">1898-1948</subfield>
      <subfield code="9">(DE-588)118529684</subfield>
    </datafield>
    <datafield ind1=" " ind2=" " tag="PER">
      <subfield code="p">&#x42D;&#x438;&#x306;&#x437;&#x435;&#x43D;&#x448;&#x442;&#x435;&#x438;&#x306;&#x43D;, &#x421;&#x435;&#x440;&#x433;&#x435;&#x438;&#x306;</subfield>
      <subfield code="d">1898-1948</subfield>
      <subfield code="9">(DE-588)118529684</subfield>
    </datafield>
    <datafield ind1=" " ind2=" " tag="PER">
      <subfield code="p">Aisanstin, Cerji</subfield>
      <subfield code="d">1898-1948</subfield>
      <subfield code="9">(DE-588)118529684</subfield>
    </datafield>
    <datafield ind1=" " ind2=" " tag="PER">
      <subfield code="p">Aizenshtain, Sergei Mikhailovich</subfield>
      <subfield code="d">1898-1948</subfield>
      <subfield code="9">(DE-588)118529684</subfield>
    </datafield>
    <datafield ind1=" " ind2=" " tag="PER">
      <subfield code="p">Eisenschtein, Sergei M.</subfield>
      <subfield code="d">1898-1948</subfield>
      <subfield code="9">(DE-588)118529684</subfield>
    </datafield>
    <datafield ind1=" " ind2=" " tag="PER">
      <subfield code="p">Eisenstein</subfield>
      <subfield code="d">1898-1948</subfield>
      <subfield code="9">(DE-588)118529684</subfield>
    </datafield>
    <datafield ind1=" " ind2=" " tag="PER">
      <subfield code="p">Eisenstein, ...</subfield>
      <subfield code="d">1898-1948</subfield>
      <subfield code="9">(DE-588)118529684</subfield>
    </datafield>
    <datafield ind1=" " ind2=" " tag="PER">
      <subfield code="p">Eisenstein, S.</subfield>
      <subfield code="d">1898-1948</subfield>
      <subfield code="9">(DE-588)118529684</subfield>
    </datafield>
    <datafield ind1=" " ind2=" " tag="PER">
      <subfield code="p">Eisenstein, S. M.</subfield>
      <subfield code="d">1898-1948</subfield>
      <subfield code="9">(DE-588)118529684</subfield>
    </datafield>
    <datafield ind1=" " ind2=" " tag="PER">
      <subfield code="p">Eisenstein, Serge</subfield>
      <subfield code="d">1898-1948</subfield>
      <subfield code="9">(DE-588)118529684</subfield>
    </datafield>
    <datafield ind1=" " ind2=" " tag="PER">
      <subfield code="p">Eisenstein, Sergei</subfield>
      <subfield code="d">1898-1948</subfield>
      <subfield code="9">(DE-588)118529684</subfield>
    </datafield>
    <datafield ind1=" " ind2=" " tag="PER">
      <subfield code="p">Eisenstein, Sergei M.</subfield>
      <subfield code="d">1898-1948</subfield>
      <subfield code="9">(DE-588)118529684</subfield>
    </datafield>
    <datafield ind1=" " ind2=" " tag="PER">
      <subfield code="p">Eisenstein, Sergei Michailowitsch</subfield>
      <subfield code="d">1898-1948</subfield>
      <subfield code="9">(DE-588)118529684</subfield>
    </datafield>
    <datafield ind1=" " ind2=" " tag="PER">
      <subfield code="p">Eisenstein, Serge&#x12D; Mikhailovich</subfield>
      <subfield code="d">1898-1948</subfield>
      <subfield code="9">(DE-588)118529684</subfield>
    </datafield>
    <datafield ind1=" " ind2=" " tag="PER">
      <subfield code="p">Eisenstein, Sergej</subfield>
      <subfield code="d">1898-1948</subfield>
      <subfield code="9">(DE-588)118529684</subfield>
    </datafield>
    <datafield ind1=" " ind2=" " tag="PER">
      <subfield code="p">Eisenstein, Sergej Michailovi&#x10D;</subfield>
      <subfield code="d">1898-1948</subfield>
      <subfield code="9">(DE-588)118529684</subfield>
    </datafield>
    <datafield ind1=" " ind2=" " tag="PER">
      <subfield code="p">Eisenstein, Sergey Michailowitsch</subfield>
      <subfield code="d">1898-1948</subfield>
      <subfield code="9">(DE-588)118529684</subfield>
    </datafield>
    <datafield ind1=" " ind2=" " tag="PER">
      <subfield code="p">Eisenstein, Siergiej</subfield>
      <subfield code="d">1898-1948</subfield>
      <subfield code="9">(DE-588)118529684</subfield>
    </datafield>
    <datafield ind1=" " ind2=" " tag="PER">
      <subfield code="p">Eisen&#x161;tejn, Sergej M.</subfield>
      <subfield code="d">1898-1948</subfield>
      <subfield code="9">(DE-588)118529684</subfield>
    </datafield>
    <datafield ind1=" " ind2=" " tag="PER">
      <subfield code="p">Eizenshtein, S. M.</subfield>
      <subfield code="d">1898-1948</subfield>
      <subfield code="9">(DE-588)118529684</subfield>
    </datafield>
    <datafield ind1=" " ind2=" " tag="PER">
      <subfield code="p">Eizenshtein, Sergei Mikhailovich</subfield>
      <subfield code="d">1898-1948</subfield>
      <subfield code="9">(DE-588)118529684</subfield>
    </datafield>
    <datafield ind1=" " ind2=" " tag="PER">
      <subfield code="p">Eizen&#x161;tejn, Sergej Michailovi&#x10D;</subfield>
      <subfield code="d">1898-1948</subfield>
      <subfield code="9">(DE-588)118529684</subfield>
    </datafield>
    <datafield ind1=" " ind2=" " tag="PER">
      <subfield code="p">&#x116;jzen&#x161;tein</subfield>
      <subfield code="d">1898-1948</subfield>
      <subfield code="9">(DE-588)118529684</subfield>
    </datafield>
    <datafield ind1=" " ind2=" " tag="PER">
      <subfield code="p">Ejzenstein, S. M.</subfield>
      <subfield code="d">1898-1948</subfield>
      <subfield code="9">(DE-588)118529684</subfield>
    </datafield>
    <datafield ind1=" " ind2=" " tag="PER">
      <subfield code="p">&#x116;jzen&#x161;tein, Sergej</subfield>
      <subfield code="d">1898-1948</subfield>
      <subfield code="9">(DE-588)118529684</subfield>
    </datafield>
    <datafield ind1=" " ind2=" " tag="PER">
      <subfield code="p">&#x116;jzen&#x161;tein, Sergej M.</subfield>
      <subfield code="d">1898-1948</subfield>
      <subfield code="9">(DE-588)118529684</subfield>
    </datafield>
    <datafield ind1=" " ind2=" " tag="PER">
      <subfield code="p">&#x116;jzen&#x161;tejn, S. M.</subfield>
      <subfield code="d">1898-1948</subfield>
      <subfield code="9">(DE-588)118529684</subfield>
    </datafield>
    <datafield ind1=" " ind2=" " tag="PER">
      <subfield code="p">Ejzenstejn, Sergej</subfield>
      <subfield code="d">1898-1948</subfield>
      <subfield code="9">(DE-588)118529684</subfield>
    </datafield>
    <datafield ind1=" " ind2=" " tag="PER">
      <subfield code="p">&#x116;jzen&#x161;tejn, Sergej Michailovi&#x10D;</subfield>
      <subfield code="d">1898-1948</subfield>
      <subfield code="9">(DE-588)118529684</subfield>
    </datafield>
    <datafield ind1=" " ind2=" " tag="PER">
      <subfield code="p">&#x116;jzen&#x161;tejn, Sergej Michajlovi&#x10D;</subfield>
      <subfield code="d">1898-1948</subfield>
      <subfield code="9">(DE-588)118529684</subfield>
    </datafield>
    <datafield ind1=" " ind2=" " tag="PER">
      <subfield code="p">Eisenstein, Sergio M.</subfield>
      <subfield code="d">1898-1948</subfield>
      <subfield code="9">(DE-588)118529684</subfield>
    </datafield>
    <datafield ind1=" " ind2=" " tag="PER">
      <subfield code="p">Eisenstein, Sergej M.</subfield>
      <subfield code="d">1898-1948</subfield>
      <subfield code="9">(DE-588)118529684</subfield>
    </datafield>
    <datafield ind1=" " ind2=" " tag="PER">
      <subfield code="p">&#x42D;&#x438;&#x306;&#x437;&#x435;&#x43D;&#x448;&#x442;&#x435;&#x438;&#x306;&#x43D;, &#x421;&#x435;&#x440;&#x433;&#x435;&#x438;&#x306; &#x41C;&#x438;&#x445;&#x430;&#x438;&#x306;&#x43B;&#x43E;&#x432;&#x438;&#x447;</subfield>
      <subfield code="d">1898-1948</subfield>
      <subfield code="9">(DE-588)118529684</subfield>
    </datafield>
    <datafield ind1=" " ind2=" " tag="PER">
      <subfield code="p">Eisenstein, Sergei Mikhailovich</subfield>
      <subfield code="d">1898-1948</subfield>
      <subfield code="9">(DE-588)118529684</subfield>
    </datafield>
    <datafield ind1=" " ind2=" " tag="PER">
      <subfield code="p">Eizenshtein, Sergei</subfield>
      <subfield code="d">1898-1948</subfield>
      <subfield code="9">(DE-588)118529684</subfield>
    </datafield>
    <datafield ind1=" " ind2=" " tag="PER">
      <subfield code="p">Ejzen&#x161;tejn, Sergej Michajlovi&#x10D;</subfield>
      <subfield code="d">1898-1948</subfield>
      <subfield code="9">(DE-588)118529684</subfield>
    </datafield>
    <datafield ind1=" " ind2=" " tag="PER">
      <subfield code="p">Eisenstein, Sergei Michajlowitsch</subfield>
      <subfield code="d">1898-1948</subfield>
      <subfield code="9">(DE-588)118529684</subfield>
    </datafield>
    <datafield ind1=" " ind2=" " tag="PER">
      <subfield code="p">Eisenstein, Sergej Michail</subfield>
      <subfield code="d">1898-1948</subfield>
      <subfield code="9">(DE-588)118529684</subfield>
    </datafield>
    <datafield ind1=" " ind2=" " tag="PER">
      <subfield code="p">Eisenstein, Sergey Mikhaylovich</subfield>
      <subfield code="d">1898-1948</subfield>
      <subfield code="9">(DE-588)118529684</subfield>
    </datafield>
    <datafield ind1=" " ind2=" " tag="PER">
      <subfield code="p">Eisenstein, Ssergej Michail</subfield>
      <subfield code="d">1898-1948</subfield>
      <subfield code="9">(DE-588)118529684</subfield>
    </datafield>
    <datafield ind1=" " ind2=" " tag="PER">
      <subfield code="p">Eizenstein, Ssergej Michail</subfield>
      <subfield code="d">1898-1948</subfield>
      <subfield code="9">(DE-588)118529684</subfield>
    </datafield>
    <datafield ind1=" " ind2=" " tag="PER">
      <subfield code="p">&#x116;jzen&#x161;tein, Sergej Michajlovi&#x10D;</subfield>
      <subfield code="d">1898-1948</subfield>
      <subfield code="9">(DE-588)118529684</subfield>
    </datafield>
    <datafield ind1=" " ind2=" " tag="PER">
      <subfield code="p">Ejzenstejn, Sergej Michajlovic</subfield>
      <subfield code="d">1898-1948</subfield>
      <subfield code="9">(DE-588)118529684</subfield>
    </datafield>
    <datafield ind1=" " ind2=" " tag="PER">
      <subfield code="p">Eisenstein, Sergue&#xEF; M.</subfield>
      <subfield code="d">1898-1948</subfield>
      <subfield code="9">(DE-588)118529684</subfield>
    </datafield>
    <datafield ind1=" " ind2=" " tag="PER">
      <subfield code="9">(DE-588)174203748</subfield>
    </datafield>
    <datafield ind1=" " ind2=" " tag="PER">
      <subfield code="9">(DE-588)1056415088</subfield>
    </datafield>
    <datafield ind1=" " ind2=" " tag="PER">
      <subfield code="p">Eisenstein, S.M.</subfield>
      <subfield code="d">1898-1948</subfield>
      <subfield code="9">(DE-588)118529684</subfield>
    </datafield>
    <datafield ind1=" " ind2=" " tag="PER">
      <subfield code="p">Eisenstein, Sergej Michael</subfield>
      <subfield code="d">1898-1948</subfield>
      <subfield code="9">(DE-588)118529684</subfield>
    </datafield>
    <datafield ind1=" " ind2=" " tag="PER">
      <subfield code="p">Eisenstein, Sergej Michailowitsch</subfield>
      <subfield code="d">1898-1948</subfield>
      <subfield code="9">(DE-588)118529684</subfield>
    </datafield>
    <datafield ind1=" " ind2=" " tag="PER">
      <subfield code="p">Eisenstein, Serguei&#x34F;&#x308; Mikhai&#x34F;&#x308;lovitch</subfield>
      <subfield code="d">1898-1948</subfield>
      <subfield code="9">(DE-588)118529684</subfield>
    </datafield>
    <datafield ind1=" " ind2=" " tag="PER">
      <subfield code="p">Eisenstein, Serguei&#x34F;&#x308;</subfield>
      <subfield code="d">1898-1948</subfield>
      <subfield code="9">(DE-588)118529684</subfield>
    </datafield>
    <datafield ind1=" " ind2=" " tag="PER">
      <subfield code="p">Eisenstein, Sergei Michael</subfield>
      <subfield code="d">1898-1948</subfield>
      <subfield code="9">(DE-588)118529684</subfield>
    </datafield>
    <datafield ind1=" " ind2=" " tag="PER">
      <subfield code="p">Eisenstein, Sergei&#x34F;&#x308; M.</subfield>
      <subfield code="d">1898-1948</subfield>
      <subfield code="9">(DE-588)118529684</subfield>
    </datafield>
    <datafield ind1=" " ind2=" " tag="PER">
      <subfield code="p">Eisenstein, Serguei&#x34F;&#x308; M.</subfield>
      <subfield code="d">1898-1948</subfield>
      <subfield code="9">(DE-588)118529684</subfield>
    </datafield>
    <datafield ind1=" " ind2=" " tag="PER">
      <subfield code="p">Eisenstein, Sergio</subfield>
      <subfield code="d">1898-1948</subfield>
      <subfield code="9">(DE-588)118529684</subfield>
    </datafield>
    <datafield ind1=" " ind2=" " tag="PER">
      <subfield code="p">Eisenstein, Sergey M.</subfield>
      <subfield code="d">1898-1948</subfield>
      <subfield code="9">(DE-588)118529684</subfield>
    </datafield>
    <datafield ind1=" " ind2=" " tag="PER">
      <subfield code="p">Ejzen&#x161;tejn, Sergej</subfield>
      <subfield code="d">1898-1948</subfield>
      <subfield code="9">(DE-588)118529684</subfield>
    </datafield>
    <datafield ind1=" " ind2=" " tag="PER">
      <subfield code="p">&#x116;&#x12D;zenshte&#x12D;n, Serge&#x12D; Mikha&#x12D;lovich</subfield>
      <subfield code="d">1898-1948</subfield>
      <subfield code="9">(DE-588)118529684</subfield>
    </datafield>
    <datafield ind1=" " ind2=" " tag="PER">
      <subfield code="p">&#x42D;&#x438;&#x306;&#x437;&#x435;&#x43D;&#x448;&#x442;&#x435;&#x438;&#x306;&#x43D;, &#x421;&#x435;&#x440;&#x433;&#x435;&#x438;&#x306;</subfield>
      <subfield code="d">1898-1948</subfield>
      <subfield code="9">(DE-588)118529684</subfield>
    </datafield>
    <datafield ind1=" " ind2=" " tag="PER">
      <subfield code="p">Aisanstin, Cerji</subfield>
      <subfield code="d">1898-1948</subfield>
      <subfield code="9">(DE-588)118529684</subfield>
    </datafield>
    <datafield ind1=" " ind2=" " tag="PER">
      <subfield code="p">Aizenshtain, Sergei Mikhailovich</subfield>
      <subfield code="d">1898-1948</subfield>
      <subfield code="9">(DE-588)118529684</subfield>
    </datafield>
    <datafield ind1=" " ind2=" " tag="PER">
      <subfield code="p">Eisenschtein, Sergei M.</subfield>
      <subfield code="d">1898-1948</subfield>
      <subfield code="9">(DE-588)118529684</subfield>
    </datafield>
    <datafield ind1=" " ind2=" " tag="PER">
      <subfield code="p">Eisenstein</subfield>
      <subfield code="d">1898-1948</subfield>
      <subfield code="9">(DE-588)118529684</subfield>
    </datafield>
    <datafield ind1=" " ind2=" " tag="PER">
      <subfield code="p">Eisenstein, ...</subfield>
      <subfield code="d">1898-1948</subfield>
      <subfield code="9">(DE-588)118529684</subfield>
    </datafield>
    <datafield ind1=" " ind2=" " tag="PER">
      <subfield code="p">Eisenstein, S.</subfield>
      <subfield code="d">1898-1948</subfield>
      <subfield code="9">(DE-588)118529684</subfield>
    </datafield>
    <datafield ind1=" " ind2=" " tag="PER">
      <subfield code="p">Eisenstein, S. M.</subfield>
      <subfield code="d">1898-1948</subfield>
      <subfield code="9">(DE-588)118529684</subfield>
    </datafield>
    <datafield ind1=" " ind2=" " tag="PER">
      <subfield code="p">Eisenstein, Serge</subfield>
      <subfield code="d">1898-1948</subfield>
      <subfield code="9">(DE-588)118529684</subfield>
    </datafield>
    <datafield ind1=" " ind2=" " tag="PER">
      <subfield code="p">Eisenstein, Sergei</subfield>
      <subfield code="d">1898-1948</subfield>
      <subfield code="9">(DE-588)118529684</subfield>
    </datafield>
    <datafield ind1=" " ind2=" " tag="PER">
      <subfield code="p">Eisenstein, Sergei M.</subfield>
      <subfield code="d">1898-1948</subfield>
      <subfield code="9">(DE-588)118529684</subfield>
    </datafield>
    <datafield ind1=" " ind2=" " tag="PER">
      <subfield code="p">Eisenstein, Sergei Michailowitsch</subfield>
      <subfield code="d">1898-1948</subfield>
      <subfield code="9">(DE-588)118529684</subfield>
    </datafield>
    <datafield ind1=" " ind2=" " tag="PER">
      <subfield code="p">Eisenstein, Serge&#x12D; Mikhailovich</subfield>
      <subfield code="d">1898-1948</subfield>
      <subfield code="9">(DE-588)118529684</subfield>
    </datafield>
    <datafield ind1=" " ind2=" " tag="PER">
      <subfield code="p">Eisenstein, Sergej</subfield>
      <subfield code="d">1898-1948</subfield>
      <subfield code="9">(DE-588)118529684</subfield>
    </datafield>
    <datafield ind1=" " ind2=" " tag="PER">
      <subfield code="p">Eisenstein, Sergej Michailovi&#x10D;</subfield>
      <subfield code="d">1898-1948</subfield>
      <subfield code="9">(DE-588)118529684</subfield>
    </datafield>
    <datafield ind1=" " ind2=" " tag="PER">
      <subfield code="p">Eisenstein, Sergey Michailowitsch</subfield>
      <subfield code="d">1898-1948</subfield>
      <subfield code="9">(DE-588)118529684</subfield>
    </datafield>
    <datafield ind1=" " ind2=" " tag="PER">
      <subfield code="p">Eisenstein, Siergiej</subfield>
      <subfield code="d">1898-1948</subfield>
      <subfield code="9">(DE-588)118529684</subfield>
    </datafield>
    <datafield ind1=" " ind2=" " tag="PER">
      <subfield code="p">Eisen&#x161;tejn, Sergej M.</subfield>
      <subfield code="d">1898-1948</subfield>
      <subfield code="9">(DE-588)118529684</subfield>
    </datafield>
    <datafield ind1=" " ind2=" " tag="PER">
      <subfield code="p">Eizenshtein, S. M.</subfield>
      <subfield code="d">1898-1948</subfield>
      <subfield code="9">(DE-588)118529684</subfield>
    </datafield>
    <datafield ind1=" " ind2=" " tag="PER">
      <subfield code="p">Eizenshtein, Sergei Mikhailovich</subfield>
      <subfield code="d">1898-1948</subfield>
      <subfield code="9">(DE-588)118529684</subfield>
    </datafield>
    <datafield ind1=" " ind2=" " tag="PER">
      <subfield code="p">Eizen&#x161;tejn, Sergej Michailovi&#x10D;</subfield>
      <subfield code="d">1898-1948</subfield>
      <subfield code="9">(DE-588)118529684</subfield>
    </datafield>
    <datafield ind1=" " ind2=" " tag="PER">
      <subfield code="p">&#x116;jzen&#x161;tein</subfield>
      <subfield code="d">1898-1948</subfield>
      <subfield code="9">(DE-588)118529684</subfield>
    </datafield>
    <datafield ind1=" " ind2=" " tag="PER">
      <subfield code="p">Ejzenstein, S. M.</subfield>
      <subfield code="d">1898-1948</subfield>
      <subfield code="9">(DE-588)118529684</subfield>
    </datafield>
    <datafield ind1=" " ind2=" " tag="PER">
      <subfield code="p">&#x116;jzen&#x161;tein, Sergej</subfield>
      <subfield code="d">1898-1948</subfield>
      <subfield code="9">(DE-588)118529684</subfield>
    </datafield>
    <datafield ind1=" " ind2=" " tag="PER">
      <subfield code="p">&#x116;jzen&#x161;tein, Sergej M.</subfield>
      <subfield code="d">1898-1948</subfield>
      <subfield code="9">(DE-588)118529684</subfield>
    </datafield>
    <datafield ind1=" " ind2=" " tag="PER">
      <subfield code="p">&#x116;jzen&#x161;tejn, S. M.</subfield>
      <subfield code="d">1898-1948</subfield>
      <subfield code="9">(DE-588)118529684</subfield>
    </datafield>
    <datafield ind1=" " ind2=" " tag="PER">
      <subfield code="p">Ejzenstejn, Sergej</subfield>
      <subfield code="d">1898-1948</subfield>
      <subfield code="9">(DE-588)118529684</subfield>
    </datafield>
    <datafield ind1=" " ind2=" " tag="PER">
      <subfield code="p">&#x116;jzen&#x161;tejn, Sergej Michailovi&#x10D;</subfield>
      <subfield code="d">1898-1948</subfield>
      <subfield code="9">(DE-588)118529684</subfield>
    </datafield>
    <datafield ind1=" " ind2=" " tag="PER">
      <subfield code="p">&#x116;jzen&#x161;tejn, Sergej Michajlovi&#x10D;</subfield>
      <subfield code="d">1898-1948</subfield>
      <subfield code="9">(DE-588)118529684</subfield>
    </datafield>
    <datafield ind1=" " ind2=" " tag="PER">
      <subfield code="p">Eisenstein, Sergio M.</subfield>
      <subfield code="d">1898-1948</subfield>
      <subfield code="9">(DE-588)118529684</subfield>
    </datafield>
    <datafield ind1=" " ind2=" " tag="PER">
      <subfield code="p">Eisenstein, Sergej M.</subfield>
      <subfield code="d">1898-1948</subfield>
      <subfield code="9">(DE-588)118529684</subfield>
    </datafield>
    <datafield ind1=" " ind2=" " tag="PER">
      <subfield code="p">&#x42D;&#x438;&#x306;&#x437;&#x435;&#x43D;&#x448;&#x442;&#x435;&#x438;&#x306;&#x43D;, &#x421;&#x435;&#x440;&#x433;&#x435;&#x438;&#x306; &#x41C;&#x438;&#x445;&#x430;&#x438;&#x306;&#x43B;&#x43E;&#x432;&#x438;&#x447;</subfield>
      <subfield code="d">1898-1948</subfield>
      <subfield code="9">(DE-588)118529684</subfield>
    </datafield>
    <datafield ind1=" " ind2=" " tag="PER">
      <subfield code="p">Eisenstein, Sergei Mikhailovich</subfield>
      <subfield code="d">1898-1948</subfield>
      <subfield code="9">(DE-588)118529684</subfield>
    </datafield>
    <datafield ind1=" " ind2=" " tag="PER">
      <subfield code="p">Eizenshtein, Sergei</subfield>
      <subfield code="d">1898-1948</subfield>
      <subfield code="9">(DE-588)118529684</subfield>
    </datafield>
    <datafield ind1=" " ind2=" " tag="PER">
      <subfield code="p">Ejzen&#x161;tejn, Sergej Michajlovi&#x10D;</subfield>
      <subfield code="d">1898-1948</subfield>
      <subfield code="9">(DE-588)118529684</subfield>
    </datafield>
    <datafield ind1=" " ind2=" " tag="PER">
      <subfield code="p">Eisenstein, Sergei Michajlowitsch</subfield>
      <subfield code="d">1898-1948</subfield>
      <subfield code="9">(DE-588)118529684</subfield>
    </datafield>
    <datafield ind1=" " ind2=" " tag="PER">
      <subfield code="p">Eisenstein, Sergej Michail</subfield>
      <subfield code="d">1898-1948</subfield>
      <subfield code="9">(DE-588)118529684</subfield>
    </datafield>
    <datafield ind1=" " ind2=" " tag="PER">
      <subfield code="p">Eisenstein, Sergey Mikhaylovich</subfield>
      <subfield code="d">1898-1948</subfield>
      <subfield code="9">(DE-588)118529684</subfield>
    </datafield>
    <datafield ind1=" " ind2=" " tag="PER">
      <subfield code="p">Eisenstein, Ssergej Michail</subfield>
      <subfield code="d">1898-1948</subfield>
      <subfield code="9">(DE-588)118529684</subfield>
    </datafield>
    <datafield ind1=" " ind2=" " tag="PER">
      <subfield code="p">Eizenstein, Ssergej Michail</subfield>
      <subfield code="d">1898-1948</subfield>
      <subfield code="9">(DE-588)118529684</subfield>
    </datafield>
    <datafield ind1=" " ind2=" " tag="PER">
      <subfield code="p">&#x116;jzen&#x161;tein, Sergej Michajlovi&#x10D;</subfield>
      <subfield code="d">1898-1948</subfield>
      <subfield code="9">(DE-588)118529684</subfield>
    </datafield>
    <datafield ind1=" " ind2=" " tag="PER">
      <subfield code="p">Ejzenstejn, Sergej Michajlovic</subfield>
      <subfield code="d">1898-1948</subfield>
      <subfield code="9">(DE-588)118529684</subfield>
    </datafield>
    <datafield ind1=" " ind2=" " tag="PER">
      <subfield code="p">Eisenstein, Sergue&#xEF; M.</subfield>
      <subfield code="d">1898-1948</subfield>
      <subfield code="9">(DE-588)118529684</subfield>
    </datafield>
    <datafield ind1=" " ind2=" " tag="PER">
      <subfield code="9">(DE-588)174203748</subfield>
    </datafield>
    <datafield ind1=" " ind2=" " tag="PER">
      <subfield code="9">(DE-588)1056415088</subfield>
    </datafield>
    <datafield ind1=" " ind2=" " tag="PER">
      <subfield code="p">Aleksandrov, G. V.</subfield>
      <subfield code="d">1903-1983</subfield>
      <subfield code="9">(DE-588)122770692</subfield>
    </datafield>
    <datafield ind1=" " ind2=" " tag="PER">
      <subfield code="p">Aleksandrov, Grigorii Vasil&#x2B9;evich</subfield>
      <subfield code="d">1903-1983</subfield>
      <subfield code="9">(DE-588)122770692</subfield>
    </datafield>
    <datafield ind1=" " ind2=" " tag="PER">
      <subfield code="p">Aleksandrov, Grigorij Vasil&#x2B9;evi&#x10D;</subfield>
      <subfield code="d">1903-1983</subfield>
      <subfield code="9">(DE-588)122770692</subfield>
    </datafield>
    <datafield ind1=" " ind2=" " tag="PER">
      <subfield code="p">Aleksandrov, Grigorij Vladimirovi&#x10D;</subfield>
      <subfield code="d">1903-1983</subfield>
      <subfield code="9">(DE-588)122770692</subfield>
    </datafield>
    <datafield ind1=" " ind2=" " tag="PER">
      <subfield code="p">Aleksandrov, Grigory</subfield>
      <subfield code="d">1903-1983</subfield>
      <subfield code="9">(DE-588)122770692</subfield>
    </datafield>
    <datafield ind1=" " ind2=" " tag="PER">
      <subfield code="p">Aleksandrow, G. W.</subfield>
      <subfield code="d">1903-1983</subfield>
      <subfield code="9">(DE-588)122770692</subfield>
    </datafield>
    <datafield ind1=" " ind2=" " tag="PER">
      <subfield code="p">Aleksandrow, Grigori Wassiljewitsch</subfield>
      <subfield code="d">1903-1983</subfield>
      <subfield code="9">(DE-588)122770692</subfield>
    </datafield>
    <datafield ind1=" " ind2=" " tag="PER">
      <subfield code="p">Aleksandrow, Grigorij</subfield>
      <subfield code="d">1903-1983</subfield>
      <subfield code="9">(DE-588)122770692</subfield>
    </datafield>
    <datafield ind1=" " ind2=" " tag="PER">
      <subfield code="p">Alexandroff, G. W.</subfield>
      <subfield code="d">1903-1983</subfield>
      <subfield code="9">(DE-588)122770692</subfield>
    </datafield>
    <datafield ind1=" " ind2=" " tag="PER">
      <subfield code="p">Alexandrov, G. V.</subfield>
      <subfield code="d">1903-1983</subfield>
      <subfield code="9">(DE-588)122770692</subfield>
    </datafield>
    <datafield ind1=" " ind2=" " tag="PER">
      <subfield code="p">Alexandrov, Grigori</subfield>
      <subfield code="d">1903-1983</subfield>
      <subfield code="9">(DE-588)122770692</subfield>
    </datafield>
    <datafield ind1=" " ind2=" " tag="PER">
      <subfield code="p">Alexandrow, G.</subfield>
      <subfield code="d">1903-1983</subfield>
      <subfield code="9">(DE-588)122770692</subfield>
    </datafield>
    <datafield ind1=" " ind2=" " tag="PER">
      <subfield code="p">Alexandrow, Grigori</subfield>
      <subfield code="d">1903-1983</subfield>
      <subfield code="9">(DE-588)122770692</subfield>
    </datafield>
    <datafield ind1=" " ind2=" " tag="PER">
      <subfield code="p">Alexandrow, Grigori Wassiljewitsch</subfield>
      <subfield code="d">1903-1983</subfield>
      <subfield code="9">(DE-588)122770692</subfield>
    </datafield>
    <datafield ind1=" " ind2=" " tag="PER">
      <subfield code="p">Mormonenko, G.</subfield>
      <subfield code="d">1903-1983</subfield>
      <subfield code="9">(DE-588)122770692</subfield>
    </datafield>
    <datafield ind1=" " ind2=" " tag="PER">
      <subfield code="p">Mormonenko, G. W.</subfield>
      <subfield code="d">1903-1983</subfield>
      <subfield code="9">(DE-588)122770692</subfield>
    </datafield>
    <datafield ind1=" " ind2=" " tag="PER">
      <subfield code="p">Mormonenko, Grigori</subfield>
      <subfield code="d">1903-1983</subfield>
      <subfield code="9">(DE-588)122770692</subfield>
    </datafield>
    <datafield ind1=" " ind2=" " tag="PER">
      <subfield code="p">Mormonenko, Grigorii Vasil&#x2B9;evi&#x10D;</subfield>
      <subfield code="d">1903-1983</subfield>
      <subfield code="9">(DE-588)122770692</subfield>
    </datafield>
    <datafield ind1=" " ind2=" " tag="PER">
      <subfield code="p">Alexandrov, Grigori V.</subfield>
      <subfield code="d">1903-1983</subfield>
      <subfield code="9">(DE-588)122770692</subfield>
    </datafield>
    <datafield ind1=" " ind2=" " tag="PER">
      <subfield code="p">Aleksandrov, Grigorij</subfield>
      <subfield code="d">1903-1983</subfield>
      <subfield code="9">(DE-588)122770692</subfield>
    </datafield>
    <datafield ind1=" " ind2=" " tag="PER">
      <subfield code="p">Aleksandrov, Grigorij Vasil'evi&#x10D;</subfield>
      <subfield code="d">1903-1983</subfield>
      <subfield code="9">(DE-588)122770692</subfield>
    </datafield>
    <datafield ind1=" " ind2=" " tag="PER">
      <subfield code="p">&#x410;&#x43B;&#x435;&#x43A;&#x441;&#x430;&#x43D;&#x434;&#x440;&#x43E;&#x432;, &#x413;&#x440;&#x438;&#x433;&#x43E;&#x440;&#x438;&#x438;&#x306; &#x412;&#x430;&#x441;&#x438;&#x43B;&#x44C;&#x435;&#x432;&#x438;&#x447;</subfield>
      <subfield code="d">1903-1983</subfield>
      <subfield code="9">(DE-588)122770692</subfield>
    </datafield>
    <datafield ind1=" " ind2=" " tag="PER">
      <subfield code="p">Aleksandrov, G. V.</subfield>
      <subfield code="d">1903-1983</subfield>
      <subfield code="9">(DE-588)122770692</subfield>
    </datafield>
    <datafield ind1=" " ind2=" " tag="PER">
      <subfield code="p">Aleksandrov, Grigorii Vasil&#x2B9;evich</subfield>
      <subfield code="d">1903-1983</subfield>
      <subfield code="9">(DE-588)122770692</subfield>
    </datafield>
    <datafield ind1=" " ind2=" " tag="PER">
      <subfield code="p">Aleksandrov, Grigorij Vasil&#x2B9;evi&#x10D;</subfield>
      <subfield code="d">1903-1983</subfield>
      <subfield code="9">(DE-588)122770692</subfield>
    </datafield>
    <datafield ind1=" " ind2=" " tag="PER">
      <subfield code="p">Aleksandrov, Grigorij Vladimirovi&#x10D;</subfield>
      <subfield code="d">1903-1983</subfield>
      <subfield code="9">(DE-588)122770692</subfield>
    </datafield>
    <datafield ind1=" " ind2=" " tag="PER">
      <subfield code="p">Aleksandrov, Grigory</subfield>
      <subfield code="d">1903-1983</subfield>
      <subfield code="9">(DE-588)122770692</subfield>
    </datafield>
    <datafield ind1=" " ind2=" " tag="PER">
      <subfield code="p">Aleksandrow, G. W.</subfield>
      <subfield code="d">1903-1983</subfield>
      <subfield code="9">(DE-588)122770692</subfield>
    </datafield>
    <datafield ind1=" " ind2=" " tag="PER">
      <subfield code="p">Aleksandrow, Grigori Wassiljewitsch</subfield>
      <subfield code="d">1903-1983</subfield>
      <subfield code="9">(DE-588)122770692</subfield>
    </datafield>
    <datafield ind1=" " ind2=" " tag="PER">
      <subfield code="p">Aleksandrow, Grigorij</subfield>
      <subfield code="d">1903-1983</subfield>
      <subfield code="9">(DE-588)122770692</subfield>
    </datafield>
    <datafield ind1=" " ind2=" " tag="PER">
      <subfield code="p">Alexandroff, G. W.</subfield>
      <subfield code="d">1903-1983</subfield>
      <subfield code="9">(DE-588)122770692</subfield>
    </datafield>
    <datafield ind1=" " ind2=" " tag="PER">
      <subfield code="p">Alexandrov, G. V.</subfield>
      <subfield code="d">1903-1983</subfield>
      <subfield code="9">(DE-588)122770692</subfield>
    </datafield>
    <datafield ind1=" " ind2=" " tag="PER">
      <subfield code="p">Alexandrov, Grigori</subfield>
      <subfield code="d">1903-1983</subfield>
      <subfield code="9">(DE-588)122770692</subfield>
    </datafield>
    <datafield ind1=" " ind2=" " tag="PER">
      <subfield code="p">Alexandrow, G.</subfield>
      <subfield code="d">1903-1983</subfield>
      <subfield code="9">(DE-588)122770692</subfield>
    </datafield>
    <datafield ind1=" " ind2=" " tag="PER">
      <subfield code="p">Alexandrow, Grigori</subfield>
      <subfield code="d">1903-1983</subfield>
      <subfield code="9">(DE-588)122770692</subfield>
    </datafield>
    <datafield ind1=" " ind2=" " tag="PER">
      <subfield code="p">Alexandrow, Grigori Wassiljewitsch</subfield>
      <subfield code="d">1903-1983</subfield>
      <subfield code="9">(DE-588)122770692</subfield>
    </datafield>
    <datafield ind1=" " ind2=" " tag="PER">
      <subfield code="p">Mormonenko, G.</subfield>
      <subfield code="d">1903-1983</subfield>
      <subfield code="9">(DE-588)122770692</subfield>
    </datafield>
    <datafield ind1=" " ind2=" " tag="PER">
      <subfield code="p">Mormonenko, G. W.</subfield>
      <subfield code="d">1903-1983</subfield>
      <subfield code="9">(DE-588)122770692</subfield>
    </datafield>
    <datafield ind1=" " ind2=" " tag="PER">
      <subfield code="p">Mormonenko, Grigori</subfield>
      <subfield code="d">1903-1983</subfield>
      <subfield code="9">(DE-588)122770692</subfield>
    </datafield>
    <datafield ind1=" " ind2=" " tag="PER">
      <subfield code="p">Mormonenko, Grigorii Vasil&#x2B9;evi&#x10D;</subfield>
      <subfield code="d">1903-1983</subfield>
      <subfield code="9">(DE-588)122770692</subfield>
    </datafield>
    <datafield ind1=" " ind2=" " tag="PER">
      <subfield code="p">Alexandrov, Grigori V.</subfield>
      <subfield code="d">1903-1983</subfield>
      <subfield code="9">(DE-588)122770692</subfield>
    </datafield>
    <datafield ind1=" " ind2=" " tag="PER">
      <subfield code="p">Aleksandrov, Grigorij</subfield>
      <subfield code="d">1903-1983</subfield>
      <subfield code="9">(DE-588)122770692</subfield>
    </datafield>
    <datafield ind1=" " ind2=" " tag="PER">
      <subfield code="p">Aleksandrov, Grigorij Vasil'evi&#x10D;</subfield>
      <subfield code="d">1903-1983</subfield>
      <subfield code="9">(DE-588)122770692</subfield>
    </datafield>
    <datafield ind1=" " ind2=" " tag="PER">
      <subfield code="p">&#x410;&#x43B;&#x435;&#x43A;&#x441;&#x430;&#x43D;&#x434;&#x440;&#x43E;&#x432;, &#x413;&#x440;&#x438;&#x433;&#x43E;&#x440;&#x438;&#x438;&#x306; &#x412;&#x430;&#x441;&#x438;&#x43B;&#x44C;&#x435;&#x432;&#x438;&#x447;</subfield>
      <subfield code="d">1903-1983</subfield>
      <subfield code="9">(DE-588)122770692</subfield>
    </datafield>
    <datafield ind1=" " ind2=" " tag="SWD">
      <subfield code="t">Streik &lt;Film, 1925&gt;</subfield>
      <subfield code="9">(DE-588)7693762-8</subfield>
    </datafield>
    <datafield ind1=" " ind2=" " tag="SWD">
      <subfield code="t">Streik &lt;Film, 1925&gt;</subfield>
      <subfield code="9">(DE-588)7693762-8</subfield>
    </datafield>
    <datafield ind1=" " ind2=" " tag="SWD">
      <subfield code="g">Rossija</subfield>
      <subfield code="9">(DE-588)4076899-5</subfield>
    </datafield>
    <datafield ind1=" " ind2=" " tag="SWD">
      <subfield code="g">Rossijskaja Federacija</subfield>
      <subfield code="9">(DE-588)4076899-5</subfield>
    </datafield>
    <datafield ind1=" " ind2=" " tag="SWD">
      <subfield code="g">Russische F&#xF6;deration</subfield>
      <subfield code="9">(DE-588)4076899-5</subfield>
    </datafield>
    <datafield ind1=" " ind2=" " tag="SWD">
      <subfield code="g">Gro&#xDF;russland</subfield>
      <subfield code="9">(DE-588)4076899-5</subfield>
    </datafield>
    <datafield ind1=" " ind2=" " tag="SWD">
      <subfield code="g">Ru&#xDF;land</subfield>
      <subfield code="9">(DE-588)4076899-5</subfield>
    </datafield>
    <datafield ind1=" " ind2=" " tag="SWD">
      <subfield code="g">Rossijskaja Imperija</subfield>
      <subfield code="9">(DE-588)4076899-5</subfield>
    </datafield>
    <datafield ind1=" " ind2=" " tag="SWD">
      <subfield code="g">Russie</subfield>
      <subfield code="9">(DE-588)4076899-5</subfield>
    </datafield>
    <datafield ind1=" " ind2=" " tag="SWD">
      <subfield code="g">Empire de Russie</subfield>
      <subfield code="9">(DE-588)4076899-5</subfield>
    </datafield>
    <datafield ind1=" " ind2=" " tag="SWD">
      <subfield code="g">Russian Federation</subfield>
      <subfield code="9">(DE-588)4076899-5</subfield>
    </datafield>
    <datafield ind1=" " ind2=" " tag="SWD">
      <subfield code="g">Federacja Rosyjska</subfield>
      <subfield code="9">(DE-588)4076899-5</subfield>
    </datafield>
    <datafield ind1=" " ind2=" " tag="SWD">
      <subfield code="g">Rosja</subfield>
      <subfield code="9">(DE-588)4076899-5</subfield>
    </datafield>
    <datafield ind1=" " ind2=" " tag="SWD">
      <subfield code="g">Krievija</subfield>
      <subfield code="9">(DE-588)4076899-5</subfield>
    </datafield>
    <datafield ind1=" " ind2=" " tag="SWD">
      <subfield code="g">Federazione Russa</subfield>
      <subfield code="9">(DE-588)4076899-5</subfield>
    </datafield>
    <datafield ind1=" " ind2=" " tag="SWD">
      <subfield code="g">RF</subfield>
      <subfield code="9">(DE-588)4076899-5</subfield>
    </datafield>
    <datafield ind1=" " ind2=" " tag="SWD">
      <subfield code="g">Gro&#xDF;ru&#xDF;land</subfield>
      <subfield code="9">(DE-588)4076899-5</subfield>
    </datafield>
    <datafield ind1=" " ind2=" " tag="SWD">
      <subfield code="g">Russia</subfield>
      <subfield code="h">-1917; 1992-</subfield>
      <subfield code="9">(DE-588)4076899-5</subfield>
    </datafield>
    <datafield ind1=" " ind2=" " tag="SWD">
      <subfield code="g">&#x420;&#x424;</subfield>
      <subfield code="9">(DE-588)4076899-5</subfield>
    </datafield>
    <datafield ind1=" " ind2=" " tag="SWD">
      <subfield code="g">&#x420;&#x43E;&#x441;&#x441;&#x438;&#x438;&#x306;&#x441;&#x43A;&#x430;&#x44F; &#x424;&#x435;&#x434;&#x435;&#x440;&#x430;&#x446;&#x438;&#x44F;</subfield>
      <subfield code="9">(DE-588)4076899-5</subfield>
    </datafield>
    <datafield ind1=" " ind2=" " tag="SWD">
      <subfield code="g">&#x420;&#x43E;&#x441;&#x441;&#x438;&#x438;&#x306;&#x441;&#x43A;&#x430;&#x44F; &#x418;&#x43C;&#x43F;&#x435;&#x440;&#x438;&#x44F;</subfield>
      <subfield code="9">(DE-588)4076899-5</subfield>
    </datafield>
    <datafield ind1=" " ind2=" " tag="SWD">
      <subfield code="g">RF</subfield>
      <subfield code="h">Rossija</subfield>
      <subfield code="9">(DE-588)4076899-5</subfield>
    </datafield>
    <datafield ind1=" " ind2=" " tag="SWD">
      <subfield code="g">Russia</subfield>
      <subfield code="9">(DE-588)4076899-5</subfield>
    </datafield>
    <datafield ind1=" " ind2=" " tag="SWD">
      <subfield code="g">Russland</subfield>
      <subfield code="h">-1917 ; 1992-</subfield>
      <subfield code="9">(DE-588)4076899-5</subfield>
    </datafield>
    <datafield ind1=" " ind2=" " tag="SWD">
      <subfield code="9">(DE-588)2019800-0</subfield>
    </datafield>
    <datafield ind1=" " ind2=" " tag="SWD">
      <subfield code="9">(DE-588)1085174751</subfield>
    </datafield>
    <datafield ind1=" " ind2=" " tag="SWD">
      <subfield code="g">Rossija</subfield>
      <subfield code="9">(DE-588)4076899-5</subfield>
    </datafield>
    <datafield ind1=" " ind2=" " tag="SWD">
      <subfield code="g">Rossijskaja Federacija</subfield>
      <subfield code="9">(DE-588)4076899-5</subfield>
    </datafield>
    <datafield ind1=" " ind2=" " tag="SWD">
      <subfield code="g">Russische F&#xF6;deration</subfield>
      <subfield code="9">(DE-588)4076899-5</subfield>
    </datafield>
    <datafield ind1=" " ind2=" " tag="SWD">
      <subfield code="g">Gro&#xDF;russland</subfield>
      <subfield code="9">(DE-588)4076899-5</subfield>
    </datafield>
    <datafield ind1=" " ind2=" " tag="SWD">
      <subfield code="g">Ru&#xDF;land</subfield>
      <subfield code="9">(DE-588)4076899-5</subfield>
    </datafield>
    <datafield ind1=" " ind2=" " tag="SWD">
      <subfield code="g">Rossijskaja Imperija</subfield>
      <subfield code="9">(DE-588)4076899-5</subfield>
    </datafield>
    <datafield ind1=" " ind2=" " tag="SWD">
      <subfield code="g">Russie</subfield>
      <subfield code="9">(DE-588)4076899-5</subfield>
    </datafield>
    <datafield ind1=" " ind2=" " tag="SWD">
      <subfield code="g">Empire de Russie</subfield>
      <subfield code="9">(DE-588)4076899-5</subfield>
    </datafield>
    <datafield ind1=" " ind2=" " tag="SWD">
      <subfield code="g">Russian Federation</subfield>
      <subfield code="9">(DE-588)4076899-5</subfield>
    </datafield>
    <datafield ind1=" " ind2=" " tag="SWD">
      <subfield code="g">Federacja Rosyjska</subfield>
      <subfield code="9">(DE-588)4076899-5</subfield>
    </datafield>
    <datafield ind1=" " ind2=" " tag="SWD">
      <subfield code="g">Rosja</subfield>
      <subfield code="9">(DE-588)4076899-5</subfield>
    </datafield>
    <datafield ind1=" " ind2=" " tag="SWD">
      <subfield code="g">Krievija</subfield>
      <subfield code="9">(DE-588)4076899-5</subfield>
    </datafield>
    <datafield ind1=" " ind2=" " tag="SWD">
      <subfield code="g">Federazione Russa</subfield>
      <subfield code="9">(DE-588)4076899-5</subfield>
    </datafield>
    <datafield ind1=" " ind2=" " tag="SWD">
      <subfield code="g">RF</subfield>
      <subfield code="9">(DE-588)4076899-5</subfield>
    </datafield>
    <datafield ind1=" " ind2=" " tag="SWD">
      <subfield code="g">Gro&#xDF;ru&#xDF;land</subfield>
      <subfield code="9">(DE-588)4076899-5</subfield>
    </datafield>
    <datafield ind1=" " ind2=" " tag="SWD">
      <subfield code="g">Russia</subfield>
      <subfield code="h">-1917; 1992-</subfield>
      <subfield code="9">(DE-588)4076899-5</subfield>
    </datafield>
    <datafield ind1=" " ind2=" " tag="SWD">
      <subfield code="g">&#x420;&#x424;</subfield>
      <subfield code="9">(DE-588)4076899-5</subfield>
    </datafield>
    <datafield ind1=" " ind2=" " tag="SWD">
      <subfield code="g">&#x420;&#x43E;&#x441;&#x441;&#x438;&#x438;&#x306;&#x441;&#x43A;&#x430;&#x44F; &#x424;&#x435;&#x434;&#x435;&#x440;&#x430;&#x446;&#x438;&#x44F;</subfield>
      <subfield code="9">(DE-588)4076899-5</subfield>
    </datafield>
    <datafield ind1=" " ind2=" " tag="SWD">
      <subfield code="g">&#x420;&#x43E;&#x441;&#x441;&#x438;&#x438;&#x306;&#x441;&#x43A;&#x430;&#x44F; &#x418;&#x43C;&#x43F;&#x435;&#x440;&#x438;&#x44F;</subfield>
      <subfield code="9">(DE-588)4076899-5</subfield>
    </datafield>
    <datafield ind1=" " ind2=" " tag="SWD">
      <subfield code="g">RF</subfield>
      <subfield code="h">Rossija</subfield>
      <subfield code="9">(DE-588)4076899-5</subfield>
    </datafield>
    <datafield ind1=" " ind2=" " tag="SWD">
      <subfield code="g">Russia</subfield>
      <subfield code="9">(DE-588)4076899-5</subfield>
    </datafield>
    <datafield ind1=" " ind2=" " tag="SWD">
      <subfield code="g">Russland</subfield>
      <subfield code="h">-1917 ; 1992-</subfield>
      <subfield code="9">(DE-588)4076899-5</subfield>
    </datafield>
    <datafield ind1=" " ind2=" " tag="SWD">
      <subfield code="9">(DE-588)2019800-0</subfield>
    </datafield>
    <datafield ind1=" " ind2=" " tag="SWD">
      <subfield code="9">(DE-588)1085174751</subfield>
    </datafield>
    <datafield ind1=" " ind2=" " tag="SWD">
      <subfield code="s">Arbeiterschaft</subfield>
      <subfield code="9">(DE-588)4112560-5</subfield>
    </datafield>
    <datafield ind1=" " ind2=" " tag="SWD">
      <subfield code="s">Fabrikarbeiter</subfield>
      <subfield code="9">(DE-588)4112560-5</subfield>
    </datafield>
    <datafield ind1=" " ind2=" " tag="SWD">
      <subfield code="s">Industriearbeiter</subfield>
      <subfield code="9">(DE-588)4112560-5</subfield>
    </datafield>
    <datafield ind1=" " ind2=" " tag="SWD">
      <subfield code="s">Lohnarbeiter</subfield>
      <subfield code="9">(DE-588)4112560-5</subfield>
    </datafield>
    <datafield ind1=" " ind2=" " tag="SWD">
      <subfield code="s">Arbeiterschaft</subfield>
      <subfield code="9">(DE-588)4112560-5</subfield>
    </datafield>
    <datafield ind1=" " ind2=" " tag="SWD">
      <subfield code="s">Fabrikarbeiter</subfield>
      <subfield code="9">(DE-588)4112560-5</subfield>
    </datafield>
    <datafield ind1=" " ind2=" " tag="SWD">
      <subfield code="s">Industriearbeiter</subfield>
      <subfield code="9">(DE-588)4112560-5</subfield>
    </datafield>
    <datafield ind1=" " ind2=" " tag="SWD">
      <subfield code="s">Lohnarbeiter</subfield>
      <subfield code="9">(DE-588)4112560-5</subfield>
    </datafield>
    <datafield ind1=" " ind2=" " tag="SWD">
      <subfield code="s">Streiks</subfield>
      <subfield code="9">(DE-588)4058029-5</subfield>
    </datafield>
    <datafield ind1=" " ind2=" " tag="SWD">
      <subfield code="s">Streiks</subfield>
      <subfield code="9">(DE-588)4058029-5</subfield>
    </datafield>
    <datafield ind1=" " ind2=" " tag="AVA">
      <subfield code="a">AKW50</subfield>
      <subfield code="b">XAW1</subfield>
      <subfield code="c">DVD Sammlung Arbeit im Film</subfield>
      <subfield code="d">F81</subfield>
      <subfield code="e">available</subfield>
      <subfield code="t">Verf&#xFC;gbar</subfield>
      <subfield code="f">1</subfield>
      <subfield code="g">0</subfield>
      <subfield code="h">N</subfield>
      <subfield code="i">1</subfield>
      <subfield code="j">ZSF</subfield>
    </datafield>
    <datafield ind1="-" ind2="1" tag="Z30">
      <subfield code="1">XAW1</subfield>
      <subfield code="2">ZSF</subfield>
      <subfield code="3">F81</subfield>
    </datafield>
  </record>