
  <record>
    <leader>-----nM2.01200024------h</leader>
    <controlfield tag="LDR">-----nM2.01200024------h</controlfield>
    <controlfield tag="FMT">MH</controlfield>
    <datafield ind1="-" ind2="1" tag="001">
      <subfield code="a">AC04828300</subfield>
    </datafield>
    <controlfield tag="030">z|1dcr|||||37</controlfield>
    <datafield ind1="a" ind2="1" tag="036">
      <subfield code="a">AT</subfield>
    </datafield>
    <datafield ind1="b" ind2="1" tag="037">
      <subfield code="a">rus</subfield>
      <subfield code="a">eng</subfield>
    </datafield>
    <controlfield tag="050">|||||cd|d||002</controlfield>
    <controlfield tag="051">s||||||</controlfield>
    <datafield ind1="s" ind2="1" tag="076">
      <subfield code="a">54</subfield>
    </datafield>
    <datafield ind1="b" ind2="1" tag="100">
      <subfield code="p">Vertov, Dziga</subfield>
      <subfield code="d">1896-1954</subfield>
      <subfield code="9">(DE-588)118804294</subfield>
      <subfield code="b">[Regie]</subfield>
    </datafield>
    <datafield ind1="b" ind2="1" tag="104">
      <subfield code="p">Kubelka, Peter</subfield>
      <subfield code="d">1934-</subfield>
      <subfield code="9">(DE-588)119027569</subfield>
      <subfield code="b">[Bearb.]</subfield>
    </datafield>
    <datafield ind1="b" ind2="1" tag="200">
      <subfield code="k">&#xD6;sterreichisches Filmmuseum</subfield>
      <subfield code="9">(DE-588)1026265-9</subfield>
    </datafield>
    <datafield ind1="-" ind2="1" tag="331">
      <subfield code="a">Entuziazm (Simfonija Donbassa)</subfield>
    </datafield>
    <datafield ind1="-" ind2="1" tag="334">
      <subfield code="a">Elektronische Ressource</subfield>
    </datafield>
    <datafield ind1="-" ind2="1" tag="359">
      <subfield code="a">Regie: Dziga Vertov. Restauriert von Peter Kubelka</subfield>
    </datafield>
    <datafield ind1="b" ind2="1" tag="410">
      <subfield code="a">[Wien]</subfield>
    </datafield>
    <datafield ind1="b" ind2="1" tag="412">
      <subfield code="a">Film &amp; Kunst [u.a.]</subfield>
    </datafield>
    <datafield ind1="a" ind2="1" tag="425">
      <subfield code="a">2005</subfield>
    </datafield>
    <datafield ind1="-" ind2="1" tag="451">
      <subfield code="a">Edition Filmmuseum ; 1</subfield>
    </datafield>
    <datafield ind1="r" ind2="1" tag="453">
      <subfield code="a">AC05862100</subfield>
    </datafield>
    <datafield ind1="c" ind2="1" tag="454">
      <subfield code="a">Edition Filmmuseum</subfield>
    </datafield>
    <datafield ind1="-" ind2="1" tag="455">
      <subfield code="a">1</subfield>
    </datafield>
    <datafield ind1="-" ind2="1" tag="456">
      <subfield code="a">1</subfield>
    </datafield>
    <datafield ind1="-" ind2="1" tag="511">
      <subfield code="a">Orig.: Sowjetunion 1920 - 1930</subfield>
    </datafield>
    <datafield ind1="a" ind2="1" tag="516">
      <subfield code="a">Sprache: Russ. u. engl. - Untertitel: Dt. u. engl.</subfield>
    </datafield>
    <datafield ind1="b" ind2="1" tag="517">
      <subfield code="p">Enth.</subfield>
      <subfield code="a">DVD 1. Entuziazm (restaurierte Version) 1930 (1972); Entuziazm (nicht restauriert) 1930. - DVD 2: Restoring Entuziazm / Peter Kubelka, 2005; Vertov Privataufnahme, 1920-30; Vertov-Ausstellung 1974</subfield>
    </datafield>
    <datafield ind1="a" ind2="1" tag="652">
      <subfield code="a">DVD-Video</subfield>
    </datafield>
    <datafield ind1="-" ind2="1" tag="653">
      <subfield code="a">2 DVD-Videos (DVD 5, Regionalcode 0, 130 +107 Min.)</subfield>
      <subfield code="c">s/w, 4:3 (DVD1/2), 16:9 (DVD 2), 1,37:1 (DVD 1/2), 1,78:1 (DVD2), Dolby digital 2.0 (mono)</subfield>
      <subfield code="d">12 cm</subfield>
      <subfield code="e">1 Booklet (4 S.)</subfield>
    </datafield>
    <datafield ind1="x" ind2="1" tag="700">
      <subfield code="a">338 Produktion, Wirtschaftsentwicklung, Wirtschaftspolitik</subfield>
      <subfield code="c">22</subfield>
    </datafield>
    <datafield ind1="x" ind2="1" tag="700">
      <subfield code="a">331.2 Arbeitsbedingungen, Arbeitszeit, L&#xF6;hne</subfield>
      <subfield code="c">22</subfield>
    </datafield>
    <datafield ind1="x" ind2="1" tag="700">
      <subfield code="a">335 Sozialismus und verwandte Systeme</subfield>
      <subfield code="c">22</subfield>
    </datafield>
    <datafield ind1="g" ind2="1" tag="700">
      <subfield code="a">AP 51400</subfield>
    </datafield>
    <datafield ind1="g" ind2="1" tag="700">
      <subfield code="a">AP 59457</subfield>
    </datafield>
    <datafield ind1="g" ind2="1" tag="700">
      <subfield code="a">KK 1035</subfield>
    </datafield>
    <datafield ind1="g" ind2="1" tag="700">
      <subfield code="a">KK 1060</subfield>
    </datafield>
    <datafield ind1="-" ind2="1" tag="902">
      <subfield code="g">Sowjetunion</subfield>
      <subfield code="9">(DE-588)4077548-3</subfield>
    </datafield>
    <datafield ind1="-" ind2="1" tag="902">
      <subfield code="z">Geschichte 1928-1930</subfield>
    </datafield>
    <datafield ind1="-" ind2="1" tag="902">
      <subfield code="s">Bergbau</subfield>
      <subfield code="9">(DE-588)4005614-4</subfield>
    </datafield>
    <datafield ind1="-" ind2="1" tag="902">
      <subfield code="s">Industrialisierung</subfield>
      <subfield code="9">(DE-588)4026776-3</subfield>
    </datafield>
    <datafield ind1="-" ind2="1" tag="902">
      <subfield code="s">Volkswirtschaftsplan</subfield>
      <subfield code="9">(DE-588)4063892-3</subfield>
    </datafield>
    <datafield ind1="-" ind2="1" tag="902">
      <subfield code="f">DVD-Video</subfield>
    </datafield>
    <datafield ind1="-" ind2="1" tag="907">
      <subfield code="p">Vertov, Dziga</subfield>
      <subfield code="d">1896-1954</subfield>
      <subfield code="9">(DE-588)118804294</subfield>
    </datafield>
    <datafield ind1="-" ind2="1" tag="907">
      <subfield code="f">Ausstellung</subfield>
    </datafield>
    <datafield ind1="-" ind2="1" tag="907">
      <subfield code="f">DVD-Video</subfield>
    </datafield>
    <controlfield tag="SYS">000435634</controlfield>
    <datafield ind1=" " ind2=" " tag="PER">
      <subfield code="p">Kaufman, David Abelevi&#x10D;</subfield>
      <subfield code="d">1896-1954</subfield>
      <subfield code="9">(DE-588)118804294</subfield>
    </datafield>
    <datafield ind1=" " ind2=" " tag="PER">
      <subfield code="p">Kaufman, Denis Arkad&#x2B9;evi&#x10D;</subfield>
      <subfield code="d">1896-1954</subfield>
      <subfield code="9">(DE-588)118804294</subfield>
    </datafield>
    <datafield ind1=" " ind2=" " tag="PER">
      <subfield code="p">Kaufman, Denis Arkadevich</subfield>
      <subfield code="d">1896-1954</subfield>
      <subfield code="9">(DE-588)118804294</subfield>
    </datafield>
    <datafield ind1=" " ind2=" " tag="PER">
      <subfield code="p">Kaufman, Denis Arkadijewitsch</subfield>
      <subfield code="d">1896-1954</subfield>
      <subfield code="9">(DE-588)118804294</subfield>
    </datafield>
    <datafield ind1=" " ind2=" " tag="PER">
      <subfield code="p">Kaufmann, David Abelewitsch</subfield>
      <subfield code="d">1896-1954</subfield>
      <subfield code="9">(DE-588)118804294</subfield>
    </datafield>
    <datafield ind1=" " ind2=" " tag="PER">
      <subfield code="p">Kaufman, Denis A.</subfield>
      <subfield code="d">1896-1954</subfield>
      <subfield code="9">(DE-588)118804294</subfield>
    </datafield>
    <datafield ind1=" " ind2=" " tag="PER">
      <subfield code="p">Kaufman, Denis Arkad'evi&#x10D;</subfield>
      <subfield code="d">1896-1954</subfield>
      <subfield code="9">(DE-588)118804294</subfield>
    </datafield>
    <datafield ind1=" " ind2=" " tag="PER">
      <subfield code="p">Kaufman, Denis</subfield>
      <subfield code="d">1896-1954</subfield>
      <subfield code="9">(DE-588)118804294</subfield>
    </datafield>
    <datafield ind1=" " ind2=" " tag="PER">
      <subfield code="p">Wertrow, Dsiga</subfield>
      <subfield code="d">1896-1954</subfield>
      <subfield code="9">(DE-588)118804294</subfield>
    </datafield>
    <datafield ind1=" " ind2=" " tag="PER">
      <subfield code="p">Kaufman, Dionigin Arkadievitch</subfield>
      <subfield code="d">1896-1954</subfield>
      <subfield code="9">(DE-588)118804294</subfield>
    </datafield>
    <datafield ind1=" " ind2=" " tag="PER">
      <subfield code="p">Vertov, Dsiga</subfield>
      <subfield code="d">1896-1954</subfield>
      <subfield code="9">(DE-588)118804294</subfield>
    </datafield>
    <datafield ind1=" " ind2=" " tag="PER">
      <subfield code="p">Weitow, Dsija</subfield>
      <subfield code="d">1896-1954</subfield>
      <subfield code="9">(DE-588)118804294</subfield>
    </datafield>
    <datafield ind1=" " ind2=" " tag="PER">
      <subfield code="p">Wertow, Dziga</subfield>
      <subfield code="d">1896-1954</subfield>
      <subfield code="9">(DE-588)118804294</subfield>
    </datafield>
    <datafield ind1=" " ind2=" " tag="PER">
      <subfield code="p">Wertow, Dsiga</subfield>
      <subfield code="d">1896-1954</subfield>
      <subfield code="9">(DE-588)118804294</subfield>
    </datafield>
    <datafield ind1=" " ind2=" " tag="PER">
      <subfield code="p">Kaufman, Denis Arkad'evic</subfield>
      <subfield code="d">1896-1954</subfield>
      <subfield code="9">(DE-588)118804294</subfield>
    </datafield>
    <datafield ind1=" " ind2=" " tag="PER">
      <subfield code="p">Kaufman, David Abelevi&#x10D;</subfield>
      <subfield code="d">1896-1954</subfield>
      <subfield code="9">(DE-588)118804294</subfield>
    </datafield>
    <datafield ind1=" " ind2=" " tag="PER">
      <subfield code="p">Kaufman, Denis Arkad&#x2B9;evi&#x10D;</subfield>
      <subfield code="d">1896-1954</subfield>
      <subfield code="9">(DE-588)118804294</subfield>
    </datafield>
    <datafield ind1=" " ind2=" " tag="PER">
      <subfield code="p">Kaufman, Denis Arkadevich</subfield>
      <subfield code="d">1896-1954</subfield>
      <subfield code="9">(DE-588)118804294</subfield>
    </datafield>
    <datafield ind1=" " ind2=" " tag="PER">
      <subfield code="p">Kaufman, Denis Arkadijewitsch</subfield>
      <subfield code="d">1896-1954</subfield>
      <subfield code="9">(DE-588)118804294</subfield>
    </datafield>
    <datafield ind1=" " ind2=" " tag="PER">
      <subfield code="p">Kaufmann, David Abelewitsch</subfield>
      <subfield code="d">1896-1954</subfield>
      <subfield code="9">(DE-588)118804294</subfield>
    </datafield>
    <datafield ind1=" " ind2=" " tag="PER">
      <subfield code="p">Kaufman, Denis A.</subfield>
      <subfield code="d">1896-1954</subfield>
      <subfield code="9">(DE-588)118804294</subfield>
    </datafield>
    <datafield ind1=" " ind2=" " tag="PER">
      <subfield code="p">Kaufman, Denis Arkad'evi&#x10D;</subfield>
      <subfield code="d">1896-1954</subfield>
      <subfield code="9">(DE-588)118804294</subfield>
    </datafield>
    <datafield ind1=" " ind2=" " tag="PER">
      <subfield code="p">Kaufman, Denis</subfield>
      <subfield code="d">1896-1954</subfield>
      <subfield code="9">(DE-588)118804294</subfield>
    </datafield>
    <datafield ind1=" " ind2=" " tag="PER">
      <subfield code="p">Wertrow, Dsiga</subfield>
      <subfield code="d">1896-1954</subfield>
      <subfield code="9">(DE-588)118804294</subfield>
    </datafield>
    <datafield ind1=" " ind2=" " tag="PER">
      <subfield code="p">Kaufman, Dionigin Arkadievitch</subfield>
      <subfield code="d">1896-1954</subfield>
      <subfield code="9">(DE-588)118804294</subfield>
    </datafield>
    <datafield ind1=" " ind2=" " tag="PER">
      <subfield code="p">Vertov, Dsiga</subfield>
      <subfield code="d">1896-1954</subfield>
      <subfield code="9">(DE-588)118804294</subfield>
    </datafield>
    <datafield ind1=" " ind2=" " tag="PER">
      <subfield code="p">Weitow, Dsija</subfield>
      <subfield code="d">1896-1954</subfield>
      <subfield code="9">(DE-588)118804294</subfield>
    </datafield>
    <datafield ind1=" " ind2=" " tag="PER">
      <subfield code="p">Wertow, Dziga</subfield>
      <subfield code="d">1896-1954</subfield>
      <subfield code="9">(DE-588)118804294</subfield>
    </datafield>
    <datafield ind1=" " ind2=" " tag="PER">
      <subfield code="p">Wertow, Dsiga</subfield>
      <subfield code="d">1896-1954</subfield>
      <subfield code="9">(DE-588)118804294</subfield>
    </datafield>
    <datafield ind1=" " ind2=" " tag="PER">
      <subfield code="p">Kaufman, Denis Arkad'evic</subfield>
      <subfield code="d">1896-1954</subfield>
      <subfield code="9">(DE-588)118804294</subfield>
    </datafield>
    <datafield ind1=" " ind2=" " tag="KOR">
      <subfield code="k">Filmmuseum</subfield>
      <subfield code="h">Wien</subfield>
      <subfield code="9">(DE-588)1026265-9</subfield>
    </datafield>
    <datafield ind1=" " ind2=" " tag="KOR">
      <subfield code="9">(DE-588)4444138-1</subfield>
    </datafield>
    <datafield ind1=" " ind2=" " tag="KOR">
      <subfield code="k">&#xD6;sterreichisches Filmmuseum</subfield>
      <subfield code="h">Wien</subfield>
      <subfield code="9">(DE-588)1026265-9</subfield>
    </datafield>
    <datafield ind1=" " ind2=" " tag="KOR">
      <subfield code="k">Austrian Film Museum</subfield>
      <subfield code="9">(DE-588)1026265-9</subfield>
    </datafield>
    <datafield ind1=" " ind2=" " tag="KOR">
      <subfield code="k">Filmmuseum</subfield>
      <subfield code="h">Wien</subfield>
      <subfield code="9">(DE-588)1026265-9</subfield>
    </datafield>
    <datafield ind1=" " ind2=" " tag="KOR">
      <subfield code="9">(DE-588)4444138-1</subfield>
    </datafield>
    <datafield ind1=" " ind2=" " tag="KOR">
      <subfield code="k">&#xD6;sterreichisches Filmmuseum</subfield>
      <subfield code="h">Wien</subfield>
      <subfield code="9">(DE-588)1026265-9</subfield>
    </datafield>
    <datafield ind1=" " ind2=" " tag="KOR">
      <subfield code="k">Austrian Film Museum</subfield>
      <subfield code="9">(DE-588)1026265-9</subfield>
    </datafield>
    <datafield ind1=" " ind2=" " tag="SWD">
      <subfield code="g">UdSSR</subfield>
      <subfield code="9">(DE-588)4077548-3</subfield>
    </datafield>
    <datafield ind1=" " ind2=" " tag="SWD">
      <subfield code="g">SSSR</subfield>
      <subfield code="9">(DE-588)4077548-3</subfield>
    </datafield>
    <datafield ind1=" " ind2=" " tag="SWD">
      <subfield code="9">(DE-588)35392-9</subfield>
    </datafield>
    <datafield ind1=" " ind2=" " tag="SWD">
      <subfield code="g">Republik-Republik Kesatuan Soviet Sosialis</subfield>
      <subfield code="9">(DE-588)4077548-3</subfield>
    </datafield>
    <datafield ind1=" " ind2=" " tag="SWD">
      <subfield code="g">Sojuz Sovetskich Socialisti&#x10D;eskich Respublik</subfield>
      <subfield code="9">(DE-588)4077548-3</subfield>
    </datafield>
    <datafield ind1=" " ind2=" " tag="SWD">
      <subfield code="g">Union der Sozialistischen Sowjet-Republiken</subfield>
      <subfield code="9">(DE-588)4077548-3</subfield>
    </datafield>
    <datafield ind1=" " ind2=" " tag="SWD">
      <subfield code="g">Union der SSR</subfield>
      <subfield code="9">(DE-588)4077548-3</subfield>
    </datafield>
    <datafield ind1=" " ind2=" " tag="SWD">
      <subfield code="g">Union of Soviet Socialist Republics</subfield>
      <subfield code="9">(DE-588)4077548-3</subfield>
    </datafield>
    <datafield ind1=" " ind2=" " tag="SWD">
      <subfield code="g">USSR</subfield>
      <subfield code="9">(DE-588)4077548-3</subfield>
    </datafield>
    <datafield ind1=" " ind2=" " tag="SWD">
      <subfield code="g">Union des R&#xE9;publiques Socialistes Sovi&#xE9;tiques</subfield>
      <subfield code="9">(DE-588)4077548-3</subfield>
    </datafield>
    <datafield ind1=" " ind2=" " tag="SWD">
      <subfield code="g">URSS</subfield>
      <subfield code="9">(DE-588)4077548-3</subfield>
    </datafield>
    <datafield ind1=" " ind2=" " tag="SWD">
      <subfield code="g">Russland</subfield>
      <subfield code="h">1923-1991</subfield>
      <subfield code="9">(DE-588)4077548-3</subfield>
    </datafield>
    <datafield ind1=" " ind2=" " tag="SWD">
      <subfield code="g">Russia</subfield>
      <subfield code="h">1923-1991</subfield>
      <subfield code="9">(DE-588)4077548-3</subfield>
    </datafield>
    <datafield ind1=" " ind2=" " tag="SWD">
      <subfield code="g">Padomju Soci&#x101;listiko Republiku Savien&#x12B;ba</subfield>
      <subfield code="9">(DE-588)4077548-3</subfield>
    </datafield>
    <datafield ind1=" " ind2=" " tag="SWD">
      <subfield code="g">PSRS</subfield>
      <subfield code="9">(DE-588)4077548-3</subfield>
    </datafield>
    <datafield ind1=" " ind2=" " tag="SWD">
      <subfield code="g">SS&#x1E58;M</subfield>
      <subfield code="9">(DE-588)4077548-3</subfield>
    </datafield>
    <datafield ind1=" " ind2=" " tag="SWD">
      <subfield code="g">ZSSR</subfield>
      <subfield code="9">(DE-588)4077548-3</subfield>
    </datafield>
    <datafield ind1=" " ind2=" " tag="SWD">
      <subfield code="g">TSRS</subfield>
      <subfield code="9">(DE-588)4077548-3</subfield>
    </datafield>
    <datafield ind1=" " ind2=" " tag="SWD">
      <subfield code="g">Savez Sovjetskih Socijalisti&#x10D;kih Republika</subfield>
      <subfield code="9">(DE-588)4077548-3</subfield>
    </datafield>
    <datafield ind1=" " ind2=" " tag="SWD">
      <subfield code="g">Soviet Union</subfield>
      <subfield code="9">(DE-588)4077548-3</subfield>
    </datafield>
    <datafield ind1=" " ind2=" " tag="SWD">
      <subfield code="g">SSHM</subfield>
      <subfield code="9">(DE-588)4077548-3</subfield>
    </datafield>
    <datafield ind1=" " ind2=" " tag="SWD">
      <subfield code="g">Sojuz Radjans'kich Sozialisti&#x10D;nich Respublik</subfield>
      <subfield code="9">(DE-588)4077548-3</subfield>
    </datafield>
    <datafield ind1=" " ind2=" " tag="SWD">
      <subfield code="g">SRSR</subfield>
      <subfield code="9">(DE-588)4077548-3</subfield>
    </datafield>
    <datafield ind1=" " ind2=" " tag="SWD">
      <subfield code="g">&#x15E;yra Sosjalist Cumhyrijj&#x1EB9;tl&#x1EB9;ri Ittifak&#x12D;</subfield>
      <subfield code="9">(DE-588)4077548-3</subfield>
    </datafield>
    <datafield ind1=" " ind2=" " tag="SWD">
      <subfield code="g">&#x160;ura Socialist G&#xFC;mhurietleri Ittipaky</subfield>
      <subfield code="9">(DE-588)4077548-3</subfield>
    </datafield>
    <datafield ind1=" " ind2=" " tag="SWD">
      <subfield code="g">&#x160;ura Sosyalist &#x1E6;&#xFC;mhuriyetleri Ittifaqi&#x34F;&#x308;</subfield>
      <subfield code="9">(DE-588)4077548-3</subfield>
    </datafield>
    <datafield ind1=" " ind2=" " tag="SWD">
      <subfield code="g">SSCB</subfield>
      <subfield code="9">(DE-588)4077548-3</subfield>
    </datafield>
    <datafield ind1=" " ind2=" " tag="SWD">
      <subfield code="g">&#x421;&#x43E;&#x44E;&#x437; &#x421;&#x43E;&#x432;&#x435;&#x442;&#x441;&#x43A;&#x438;&#x445; &#x421;&#x43E;&#x446;&#x438;&#x430;&#x43B;&#x438;&#x441;&#x442;&#x438;&#x447;&#x435;&#x441;&#x43A;&#x438;&#x445; &#x420;&#x435;&#x441;&#x43F;&#x443;&#x431;&#x43B;&#x438;&#x43A;</subfield>
      <subfield code="9">(DE-588)4077548-3</subfield>
    </datafield>
    <datafield ind1=" " ind2=" " tag="SWD">
      <subfield code="g">&#x421;&#x421;&#x421;&#x420;</subfield>
      <subfield code="9">(DE-588)4077548-3</subfield>
    </datafield>
    <datafield ind1=" " ind2=" " tag="SWD">
      <subfield code="s">Bergbautechnik</subfield>
      <subfield code="9">(DE-588)4005614-4</subfield>
    </datafield>
    <datafield ind1=" " ind2=" " tag="SWD">
      <subfield code="s">Bergbautechnik</subfield>
      <subfield code="9">(DE-588)4005614-4</subfield>
    </datafield>
    <datafield ind1=" " ind2=" " tag="SWD">
      <subfield code="s">F&#xFC;nfjahresplan</subfield>
      <subfield code="9">(DE-588)4063892-3</subfield>
    </datafield>
    <datafield ind1=" " ind2=" " tag="SWD">
      <subfield code="s">F&#xFC;nfjahrplan</subfield>
      <subfield code="9">(DE-588)4063892-3</subfield>
    </datafield>
    <datafield ind1=" " ind2=" " tag="SWD">
      <subfield code="s">Jahresplan</subfield>
      <subfield code="9">(DE-588)4063892-3</subfield>
    </datafield>
    <datafield ind1=" " ind2=" " tag="SWD">
      <subfield code="s">Gesamtwirtschaftsplan</subfield>
      <subfield code="9">(DE-588)4063892-3</subfield>
    </datafield>
    <datafield ind1=" " ind2=" " tag="SWD">
      <subfield code="s">Gesamtwirtschaftlicher Wirtschaftsplan</subfield>
      <subfield code="9">(DE-588)4063892-3</subfield>
    </datafield>
    <datafield ind1=" " ind2=" " tag="SWD">
      <subfield code="s">F&#xFC;nfjahresplan</subfield>
      <subfield code="9">(DE-588)4063892-3</subfield>
    </datafield>
    <datafield ind1=" " ind2=" " tag="SWD">
      <subfield code="s">F&#xFC;nfjahrplan</subfield>
      <subfield code="9">(DE-588)4063892-3</subfield>
    </datafield>
    <datafield ind1=" " ind2=" " tag="SWD">
      <subfield code="s">Jahresplan</subfield>
      <subfield code="9">(DE-588)4063892-3</subfield>
    </datafield>
    <datafield ind1=" " ind2=" " tag="SWD">
      <subfield code="s">Gesamtwirtschaftsplan</subfield>
      <subfield code="9">(DE-588)4063892-3</subfield>
    </datafield>
    <datafield ind1=" " ind2=" " tag="SWD">
      <subfield code="s">Gesamtwirtschaftlicher Wirtschaftsplan</subfield>
      <subfield code="9">(DE-588)4063892-3</subfield>
    </datafield>
    <datafield ind1=" " ind2=" " tag="SWD">
      <subfield code="p">Kaufman, Denis A.</subfield>
      <subfield code="d">1896-1954</subfield>
      <subfield code="9">(DE-588)118804294</subfield>
    </datafield>
    <datafield ind1=" " ind2=" " tag="SWD">
      <subfield code="p">Kaufman, Denis Arkad'evi&#x10D;</subfield>
      <subfield code="d">1896-1954</subfield>
      <subfield code="9">(DE-588)118804294</subfield>
    </datafield>
    <datafield ind1=" " ind2=" " tag="SWD">
      <subfield code="p">Kaufman, Denis</subfield>
      <subfield code="d">1896-1954</subfield>
      <subfield code="9">(DE-588)118804294</subfield>
    </datafield>
    <datafield ind1=" " ind2=" " tag="SWD">
      <subfield code="p">Wertrow, Dsiga</subfield>
      <subfield code="d">1896-1954</subfield>
      <subfield code="9">(DE-588)118804294</subfield>
    </datafield>
    <datafield ind1=" " ind2=" " tag="SWD">
      <subfield code="p">Kaufman, Dionigin Arkadievitch</subfield>
      <subfield code="d">1896-1954</subfield>
      <subfield code="9">(DE-588)118804294</subfield>
    </datafield>
    <datafield ind1=" " ind2=" " tag="SWD">
      <subfield code="p">Vertov, Dsiga</subfield>
      <subfield code="d">1896-1954</subfield>
      <subfield code="9">(DE-588)118804294</subfield>
    </datafield>
    <datafield ind1=" " ind2=" " tag="SWD">
      <subfield code="p">Weitow, Dsija</subfield>
      <subfield code="d">1896-1954</subfield>
      <subfield code="9">(DE-588)118804294</subfield>
    </datafield>
    <datafield ind1=" " ind2=" " tag="SWD">
      <subfield code="p">Wertow, Dziga</subfield>
      <subfield code="d">1896-1954</subfield>
      <subfield code="9">(DE-588)118804294</subfield>
    </datafield>
    <datafield ind1=" " ind2=" " tag="SWD">
      <subfield code="p">Wertow, Dsiga</subfield>
      <subfield code="d">1896-1954</subfield>
      <subfield code="9">(DE-588)118804294</subfield>
    </datafield>
    <datafield ind1=" " ind2=" " tag="SWD">
      <subfield code="p">Kaufman, Denis Arkad'evic</subfield>
      <subfield code="d">1896-1954</subfield>
      <subfield code="9">(DE-588)118804294</subfield>
    </datafield>
    <datafield ind1=" " ind2=" " tag="SWD">
      <subfield code="p">Kaufman, David Abelevi&#x10D;</subfield>
      <subfield code="d">1896-1954</subfield>
      <subfield code="9">(DE-588)118804294</subfield>
    </datafield>
    <datafield ind1=" " ind2=" " tag="SWD">
      <subfield code="p">Kaufman, Denis Arkad&#x2B9;evi&#x10D;</subfield>
      <subfield code="d">1896-1954</subfield>
      <subfield code="9">(DE-588)118804294</subfield>
    </datafield>
    <datafield ind1=" " ind2=" " tag="SWD">
      <subfield code="p">Kaufman, Denis Arkadevich</subfield>
      <subfield code="d">1896-1954</subfield>
      <subfield code="9">(DE-588)118804294</subfield>
    </datafield>
    <datafield ind1=" " ind2=" " tag="SWD">
      <subfield code="p">Kaufmann, David Abelewitsch</subfield>
      <subfield code="d">1896-1954</subfield>
      <subfield code="9">(DE-588)118804294</subfield>
    </datafield>
    <datafield ind1=" " ind2=" " tag="SWD">
      <subfield code="p">Kaufman, Denis Arkadijewitsch</subfield>
      <subfield code="d">1896-1954</subfield>
      <subfield code="9">(DE-588)118804294</subfield>
    </datafield>
    <datafield ind1=" " ind2=" " tag="SWD">
      <subfield code="p">Kaufman, Denis A.</subfield>
      <subfield code="d">1896-1954</subfield>
      <subfield code="9">(DE-588)118804294</subfield>
    </datafield>
    <datafield ind1=" " ind2=" " tag="SWD">
      <subfield code="p">Kaufman, Denis Arkad'evi&#x10D;</subfield>
      <subfield code="d">1896-1954</subfield>
      <subfield code="9">(DE-588)118804294</subfield>
    </datafield>
    <datafield ind1=" " ind2=" " tag="SWD">
      <subfield code="p">Kaufman, Denis</subfield>
      <subfield code="d">1896-1954</subfield>
      <subfield code="9">(DE-588)118804294</subfield>
    </datafield>
    <datafield ind1=" " ind2=" " tag="SWD">
      <subfield code="p">Wertrow, Dsiga</subfield>
      <subfield code="d">1896-1954</subfield>
      <subfield code="9">(DE-588)118804294</subfield>
    </datafield>
    <datafield ind1=" " ind2=" " tag="SWD">
      <subfield code="p">Kaufman, Dionigin Arkadievitch</subfield>
      <subfield code="d">1896-1954</subfield>
      <subfield code="9">(DE-588)118804294</subfield>
    </datafield>
    <datafield ind1=" " ind2=" " tag="SWD">
      <subfield code="p">Vertov, Dsiga</subfield>
      <subfield code="d">1896-1954</subfield>
      <subfield code="9">(DE-588)118804294</subfield>
    </datafield>
    <datafield ind1=" " ind2=" " tag="SWD">
      <subfield code="p">Weitow, Dsija</subfield>
      <subfield code="d">1896-1954</subfield>
      <subfield code="9">(DE-588)118804294</subfield>
    </datafield>
    <datafield ind1=" " ind2=" " tag="SWD">
      <subfield code="p">Wertow, Dziga</subfield>
      <subfield code="d">1896-1954</subfield>
      <subfield code="9">(DE-588)118804294</subfield>
    </datafield>
    <datafield ind1=" " ind2=" " tag="SWD">
      <subfield code="p">Wertow, Dsiga</subfield>
      <subfield code="d">1896-1954</subfield>
      <subfield code="9">(DE-588)118804294</subfield>
    </datafield>
    <datafield ind1=" " ind2=" " tag="SWD">
      <subfield code="p">Kaufman, Denis Arkad'evic</subfield>
      <subfield code="d">1896-1954</subfield>
      <subfield code="9">(DE-588)118804294</subfield>
    </datafield>
    <datafield ind1=" " ind2=" " tag="SWD">
      <subfield code="p">Kaufman, David Abelevi&#x10D;</subfield>
      <subfield code="d">1896-1954</subfield>
      <subfield code="9">(DE-588)118804294</subfield>
    </datafield>
    <datafield ind1=" " ind2=" " tag="SWD">
      <subfield code="p">Kaufman, Denis Arkad&#x2B9;evi&#x10D;</subfield>
      <subfield code="d">1896-1954</subfield>
      <subfield code="9">(DE-588)118804294</subfield>
    </datafield>
    <datafield ind1=" " ind2=" " tag="SWD">
      <subfield code="p">Kaufman, Denis Arkadevich</subfield>
      <subfield code="d">1896-1954</subfield>
      <subfield code="9">(DE-588)118804294</subfield>
    </datafield>
    <datafield ind1=" " ind2=" " tag="SWD">
      <subfield code="p">Kaufmann, David Abelewitsch</subfield>
      <subfield code="d">1896-1954</subfield>
      <subfield code="9">(DE-588)118804294</subfield>
    </datafield>
    <datafield ind1=" " ind2=" " tag="SWD">
      <subfield code="p">Kaufman, Denis Arkadijewitsch</subfield>
      <subfield code="d">1896-1954</subfield>
      <subfield code="9">(DE-588)118804294</subfield>
    </datafield>
    <datafield ind1=" " ind2=" " tag="SWD">
      <subfield code="g">UdSSR</subfield>
      <subfield code="9">(DE-588)4077548-3</subfield>
    </datafield>
    <datafield ind1=" " ind2=" " tag="SWD">
      <subfield code="g">SSSR</subfield>
      <subfield code="9">(DE-588)4077548-3</subfield>
    </datafield>
    <datafield ind1=" " ind2=" " tag="SWD">
      <subfield code="9">(DE-588)35392-9</subfield>
    </datafield>
    <datafield ind1=" " ind2=" " tag="SWD">
      <subfield code="g">Republik-Republik Kesatuan Soviet Sosialis</subfield>
      <subfield code="9">(DE-588)4077548-3</subfield>
    </datafield>
    <datafield ind1=" " ind2=" " tag="SWD">
      <subfield code="g">Sojuz Sovetskich Socialisti&#x10D;eskich Respublik</subfield>
      <subfield code="9">(DE-588)4077548-3</subfield>
    </datafield>
    <datafield ind1=" " ind2=" " tag="SWD">
      <subfield code="g">Union der Sozialistischen Sowjet-Republiken</subfield>
      <subfield code="9">(DE-588)4077548-3</subfield>
    </datafield>
    <datafield ind1=" " ind2=" " tag="SWD">
      <subfield code="g">Union der SSR</subfield>
      <subfield code="9">(DE-588)4077548-3</subfield>
    </datafield>
    <datafield ind1=" " ind2=" " tag="SWD">
      <subfield code="g">Union of Soviet Socialist Republics</subfield>
      <subfield code="9">(DE-588)4077548-3</subfield>
    </datafield>
    <datafield ind1=" " ind2=" " tag="SWD">
      <subfield code="g">USSR</subfield>
      <subfield code="9">(DE-588)4077548-3</subfield>
    </datafield>
    <datafield ind1=" " ind2=" " tag="SWD">
      <subfield code="g">Union des R&#xE9;publiques Socialistes Sovi&#xE9;tiques</subfield>
      <subfield code="9">(DE-588)4077548-3</subfield>
    </datafield>
    <datafield ind1=" " ind2=" " tag="SWD">
      <subfield code="g">URSS</subfield>
      <subfield code="9">(DE-588)4077548-3</subfield>
    </datafield>
    <datafield ind1=" " ind2=" " tag="SWD">
      <subfield code="g">Russland</subfield>
      <subfield code="h">1923-1991</subfield>
      <subfield code="9">(DE-588)4077548-3</subfield>
    </datafield>
    <datafield ind1=" " ind2=" " tag="SWD">
      <subfield code="g">Russia</subfield>
      <subfield code="h">1923-1991</subfield>
      <subfield code="9">(DE-588)4077548-3</subfield>
    </datafield>
    <datafield ind1=" " ind2=" " tag="SWD">
      <subfield code="g">Padomju Soci&#x101;listiko Republiku Savien&#x12B;ba</subfield>
      <subfield code="9">(DE-588)4077548-3</subfield>
    </datafield>
    <datafield ind1=" " ind2=" " tag="SWD">
      <subfield code="g">PSRS</subfield>
      <subfield code="9">(DE-588)4077548-3</subfield>
    </datafield>
    <datafield ind1=" " ind2=" " tag="SWD">
      <subfield code="g">SS&#x1E58;M</subfield>
      <subfield code="9">(DE-588)4077548-3</subfield>
    </datafield>
    <datafield ind1=" " ind2=" " tag="SWD">
      <subfield code="g">ZSSR</subfield>
      <subfield code="9">(DE-588)4077548-3</subfield>
    </datafield>
    <datafield ind1=" " ind2=" " tag="SWD">
      <subfield code="g">TSRS</subfield>
      <subfield code="9">(DE-588)4077548-3</subfield>
    </datafield>
    <datafield ind1=" " ind2=" " tag="SWD">
      <subfield code="g">Savez Sovjetskih Socijalisti&#x10D;kih Republika</subfield>
      <subfield code="9">(DE-588)4077548-3</subfield>
    </datafield>
    <datafield ind1=" " ind2=" " tag="SWD">
      <subfield code="g">Soviet Union</subfield>
      <subfield code="9">(DE-588)4077548-3</subfield>
    </datafield>
    <datafield ind1=" " ind2=" " tag="SWD">
      <subfield code="g">SSHM</subfield>
      <subfield code="9">(DE-588)4077548-3</subfield>
    </datafield>
    <datafield ind1=" " ind2=" " tag="SWD">
      <subfield code="g">Sojuz Radjans'kich Sozialisti&#x10D;nich Respublik</subfield>
      <subfield code="9">(DE-588)4077548-3</subfield>
    </datafield>
    <datafield ind1=" " ind2=" " tag="SWD">
      <subfield code="g">SRSR</subfield>
      <subfield code="9">(DE-588)4077548-3</subfield>
    </datafield>
    <datafield ind1=" " ind2=" " tag="SWD">
      <subfield code="g">&#x15E;yra Sosjalist Cumhyrijj&#x1EB9;tl&#x1EB9;ri Ittifak&#x12D;</subfield>
      <subfield code="9">(DE-588)4077548-3</subfield>
    </datafield>
    <datafield ind1=" " ind2=" " tag="SWD">
      <subfield code="g">&#x160;ura Socialist G&#xFC;mhurietleri Ittipaky</subfield>
      <subfield code="9">(DE-588)4077548-3</subfield>
    </datafield>
    <datafield ind1=" " ind2=" " tag="SWD">
      <subfield code="g">&#x160;ura Sosyalist &#x1E6;&#xFC;mhuriyetleri Ittifaqi&#x34F;&#x308;</subfield>
      <subfield code="9">(DE-588)4077548-3</subfield>
    </datafield>
    <datafield ind1=" " ind2=" " tag="SWD">
      <subfield code="g">SSCB</subfield>
      <subfield code="9">(DE-588)4077548-3</subfield>
    </datafield>
    <datafield ind1=" " ind2=" " tag="SWD">
      <subfield code="g">&#x421;&#x43E;&#x44E;&#x437; &#x421;&#x43E;&#x432;&#x435;&#x442;&#x441;&#x43A;&#x438;&#x445; &#x421;&#x43E;&#x446;&#x438;&#x430;&#x43B;&#x438;&#x441;&#x442;&#x438;&#x447;&#x435;&#x441;&#x43A;&#x438;&#x445; &#x420;&#x435;&#x441;&#x43F;&#x443;&#x431;&#x43B;&#x438;&#x43A;</subfield>
      <subfield code="9">(DE-588)4077548-3</subfield>
    </datafield>
    <datafield ind1=" " ind2=" " tag="SWD">
      <subfield code="g">&#x421;&#x421;&#x421;&#x420;</subfield>
      <subfield code="9">(DE-588)4077548-3</subfield>
    </datafield>
    <datafield ind1=" " ind2=" " tag="AVA">
      <subfield code="a">AKW50</subfield>
      <subfield code="b">XAW1</subfield>
      <subfield code="c">DVD Sammlung Arbeit im Film</subfield>
      <subfield code="d">F82</subfield>
      <subfield code="e">available</subfield>
      <subfield code="t">Verf&#xFC;gbar</subfield>
      <subfield code="f">1</subfield>
      <subfield code="g">0</subfield>
      <subfield code="h">N</subfield>
      <subfield code="i">0</subfield>
      <subfield code="j">ZSF</subfield>
    </datafield>
    <datafield ind1="-" ind2="1" tag="Z30">
      <subfield code="1">XAW1</subfield>
      <subfield code="2">ZSF</subfield>
      <subfield code="3">F82</subfield>
    </datafield>
  </record>