
  <record>
    <leader>00000nM2.01200024------h</leader>
    <controlfield tag="LDR">00000nM2.01200024------h</controlfield>
    <controlfield tag="FMT">MH</controlfield>
    <datafield ind1="-" ind2="1" tag="001">
      <subfield code="a">AC12265698</subfield>
    </datafield>
    <controlfield tag="030">a|1ucr|||||17</controlfield>
    <datafield ind1="a" ind2="1" tag="036">
      <subfield code="a">FR</subfield>
    </datafield>
    <datafield ind1="b" ind2="1" tag="037">
      <subfield code="a">fre</subfield>
    </datafield>
    <controlfield tag="050">a|a|||||||||||</controlfield>
    <controlfield tag="051">m|||||||</controlfield>
    <datafield ind1="s" ind2="1" tag="076">
      <subfield code="a">56</subfield>
    </datafield>
    <datafield ind1="-" ind2="1" tag="100">
      <subfield code="p">La Vaud&#xE8;re, Jane &lt;&lt;de&gt;&gt;</subfield>
      <subfield code="d">1860-1908</subfield>
      <subfield code="9">(DE-588)1051792649</subfield>
    </datafield>
    <datafield ind1="-" ind2="1" tag="331">
      <subfield code="a">&lt;&lt;La&gt;&gt; Guescha amoureuse</subfield>
    </datafield>
    <datafield ind1="-" ind2="1" tag="359">
      <subfield code="a">Jane de la Vaud&#xE8;re</subfield>
    </datafield>
    <datafield ind1="-" ind2="1" tag="410">
      <subfield code="a">Paris</subfield>
    </datafield>
    <datafield ind1="-" ind2="1" tag="412">
      <subfield code="a">Ed. Flammarion</subfield>
    </datafield>
    <datafield ind1="a" ind2="1" tag="425">
      <subfield code="a">s.a.</subfield>
    </datafield>
    <datafield ind1="-" ind2="1" tag="425">
      <subfield code="a">[s.a.]</subfield>
    </datafield>
    <datafield ind1="-" ind2="1" tag="433">
      <subfield code="a">302 S.</subfield>
    </datafield>
    <datafield ind1="x" ind2="1" tag="700">
      <subfield code="a">800 Literatur</subfield>
      <subfield code="c">22</subfield>
    </datafield>
    <controlfield tag="SYS">000437672</controlfield>
    <datafield ind1=" " ind2=" " tag="PER">
      <subfield code="p">LaVaud&#xE8;re, Jane &lt;&lt;de&gt;&gt;</subfield>
      <subfield code="d">1860-1908</subfield>
      <subfield code="9">(DE-588)1051792649</subfield>
    </datafield>
    <datafield ind1=" " ind2=" " tag="PER">
      <subfield code="p">De La Vaud&#xE8;re, Jane</subfield>
      <subfield code="d">1860-1908</subfield>
      <subfield code="9">(DE-588)1051792649</subfield>
    </datafield>
    <datafield ind1=" " ind2=" " tag="PER">
      <subfield code="p">Scrive, Jeanne</subfield>
      <subfield code="d">1860-1908</subfield>
      <subfield code="9">(DE-588)1051792649</subfield>
    </datafield>
    <datafield ind1=" " ind2=" " tag="PER">
      <subfield code="p">Crapez, J. S.</subfield>
      <subfield code="d">1860-1908</subfield>
      <subfield code="9">(DE-588)1051792649</subfield>
    </datafield>
    <datafield ind1=" " ind2=" " tag="PER">
      <subfield code="p">Vaud&#xE8;re, Jane &lt;&lt;de la&gt;&gt;</subfield>
      <subfield code="d">1860-1908</subfield>
      <subfield code="9">(DE-588)1051792649</subfield>
    </datafield>
    <datafield ind1=" " ind2=" " tag="PER">
      <subfield code="p">Crapez de la Vaud&#xE8;re, Jenane Scrive</subfield>
      <subfield code="d">1860-1908</subfield>
      <subfield code="9">(DE-588)1051792649</subfield>
    </datafield>
    <datafield ind1=" " ind2=" " tag="PER">
      <subfield code="p">De la Vaud&#xE8;re, Jane</subfield>
      <subfield code="d">1860-1908</subfield>
      <subfield code="9">(DE-588)1051792649</subfield>
    </datafield>
    <datafield ind1=" " ind2=" " tag="PER">
      <subfield code="p">Crapez, J.S.</subfield>
      <subfield code="d">1860-1908</subfield>
      <subfield code="9">(DE-588)1051792649</subfield>
    </datafield>
    <datafield ind1=" " ind2=" " tag="PER">
      <subfield code="9">(DE-588)101137281</subfield>
    </datafield>
    <datafield ind1=" " ind2=" " tag="PER">
      <subfield code="9">(DE-588)1055095705</subfield>
    </datafield>
    <datafield ind1=" " ind2=" " tag="PER">
      <subfield code="p">LaVaud&#xE8;re, Jane &lt;&lt;de&gt;&gt;</subfield>
      <subfield code="d">1860-1908</subfield>
      <subfield code="9">(DE-588)1051792649</subfield>
    </datafield>
    <datafield ind1=" " ind2=" " tag="PER">
      <subfield code="p">De La Vaud&#xE8;re, Jane</subfield>
      <subfield code="d">1860-1908</subfield>
      <subfield code="9">(DE-588)1051792649</subfield>
    </datafield>
    <datafield ind1=" " ind2=" " tag="PER">
      <subfield code="p">Scrive, Jeanne</subfield>
      <subfield code="d">1860-1908</subfield>
      <subfield code="9">(DE-588)1051792649</subfield>
    </datafield>
    <datafield ind1=" " ind2=" " tag="PER">
      <subfield code="p">Crapez, J. S.</subfield>
      <subfield code="d">1860-1908</subfield>
      <subfield code="9">(DE-588)1051792649</subfield>
    </datafield>
    <datafield ind1=" " ind2=" " tag="PER">
      <subfield code="p">Vaud&#xE8;re, Jane &lt;&lt;de la&gt;&gt;</subfield>
      <subfield code="d">1860-1908</subfield>
      <subfield code="9">(DE-588)1051792649</subfield>
    </datafield>
    <datafield ind1=" " ind2=" " tag="PER">
      <subfield code="p">Crapez de la Vaud&#xE8;re, Jenane Scrive</subfield>
      <subfield code="d">1860-1908</subfield>
      <subfield code="9">(DE-588)1051792649</subfield>
    </datafield>
    <datafield ind1=" " ind2=" " tag="PER">
      <subfield code="p">De la Vaud&#xE8;re, Jane</subfield>
      <subfield code="d">1860-1908</subfield>
      <subfield code="9">(DE-588)1051792649</subfield>
    </datafield>
    <datafield ind1=" " ind2=" " tag="PER">
      <subfield code="p">Crapez, J.S.</subfield>
      <subfield code="d">1860-1908</subfield>
      <subfield code="9">(DE-588)1051792649</subfield>
    </datafield>
    <datafield ind1=" " ind2=" " tag="PER">
      <subfield code="9">(DE-588)101137281</subfield>
    </datafield>
    <datafield ind1=" " ind2=" " tag="PER">
      <subfield code="9">(DE-588)1055095705</subfield>
    </datafield>
    <datafield ind1=" " ind2=" " tag="AVA">
      <subfield code="a">AKW50</subfield>
      <subfield code="b">XAW1</subfield>
      <subfield code="c">Hauptmagazin</subfield>
      <subfield code="d">B35820</subfield>
      <subfield code="e">available</subfield>
      <subfield code="t">Verf&#xFC;gbar</subfield>
      <subfield code="f">1</subfield>
      <subfield code="g">0</subfield>
      <subfield code="h">N</subfield>
      <subfield code="i">0</subfield>
      <subfield code="j">MAG1</subfield>
    </datafield>
    <datafield ind1="-" ind2="1" tag="Z30">
      <subfield code="1">XAW1</subfield>
      <subfield code="2">MAG1</subfield>
      <subfield code="3">B35820</subfield>
    </datafield>
  </record>