
  <record>
    <leader>00000nM2.01200024------h</leader>
    <controlfield tag="LDR">00000nM2.01200024------h</controlfield>
    <controlfield tag="FMT">MH</controlfield>
    <datafield ind1="-" ind2="1" tag="001">
      <subfield code="a">AC12240470</subfield>
    </datafield>
    <datafield ind1="b" ind2="1" tag="002">
      <subfield code="a">20150409</subfield>
    </datafield>
    <controlfield tag="030">a||da||||||17</controlfield>
    <datafield ind1="a" ind2="1" tag="036">
      <subfield code="a">XA-DE-BE</subfield>
    </datafield>
    <datafield ind1="b" ind2="1" tag="037">
      <subfield code="a">ger</subfield>
    </datafield>
    <datafield ind1="b" ind2="1" tag="038">
      <subfield code="a">eng</subfield>
    </datafield>
    <controlfield tag="050">a|a|||||||||||</controlfield>
    <controlfield tag="051">m|||||||</controlfield>
    <datafield ind1="s" ind2="1" tag="076">
      <subfield code="a">04</subfield>
    </datafield>
    <datafield ind1="-" ind2="1" tag="100">
      <subfield code="p">Pettit, Philip</subfield>
      <subfield code="d">1945-</subfield>
      <subfield code="9">(DE-588)124973094</subfield>
    </datafield>
    <datafield ind1="-" ind2="1" tag="304">
      <subfield code="a">Just freedom &lt;dt.&gt;</subfield>
    </datafield>
    <datafield ind1="-" ind2="1" tag="331">
      <subfield code="a">Gerechte Freiheit</subfield>
    </datafield>
    <datafield ind1="-" ind2="1" tag="335">
      <subfield code="a">ein moralischer Kompass f&#xFC;r eine komplexe Welt</subfield>
    </datafield>
    <datafield ind1="-" ind2="1" tag="359">
      <subfield code="a">Philip Pettit. Aus dem Amerikan. von Karin W&#xF6;rdemann</subfield>
    </datafield>
    <datafield ind1="-" ind2="1" tag="403">
      <subfield code="a">1. Aufl.</subfield>
    </datafield>
    <datafield ind1="-" ind2="1" tag="410">
      <subfield code="a">Berlin</subfield>
    </datafield>
    <datafield ind1="-" ind2="1" tag="412">
      <subfield code="a">Suhrkamp</subfield>
    </datafield>
    <datafield ind1="a" ind2="1" tag="425">
      <subfield code="a">2015</subfield>
    </datafield>
    <datafield ind1="-" ind2="1" tag="433">
      <subfield code="a">307 S.</subfield>
    </datafield>
    <datafield ind1="-" ind2="1" tag="435">
      <subfield code="a">21 cm</subfield>
    </datafield>
    <datafield ind1="-" ind2="1" tag="517">
      <subfield code="a">Literaturverz. S. 290 - [305]</subfield>
    </datafield>
    <datafield ind1="a" ind2="1" tag="540">
      <subfield code="a">978-3-518-58622-8</subfield>
      <subfield code="b">Gb. : EUR 29.95 (DE), EUR 30.80 (AT), sfr 40.90 (freier Pr.)</subfield>
    </datafield>
    <datafield ind1="a" ind2="1" tag="540">
      <subfield code="a">3-518-58622-X</subfield>
    </datafield>
    <datafield ind1="e" ind2="1" tag="655">
      <subfield code="m">B:DE-101</subfield>
      <subfield code="q">application/pdf</subfield>
      <subfield code="u">http://d-nb.info/1062639553/04</subfield>
      <subfield code="x">DNB-TOC</subfield>
      <subfield code="3">Inhaltsverzeichnis</subfield>
      <subfield code="A">2</subfield>
    </datafield>
    <datafield ind1="e" ind2="1" tag="655">
      <subfield code="m">X:MVB</subfield>
      <subfield code="q">text/html</subfield>
      <subfield code="u">http://deposit.d-nb.de/cgi-bin/dokserv?id=4836789&amp;prov=M&amp;dok_var=1&amp;dok_ext=htm</subfield>
      <subfield code="3">Inhaltstext</subfield>
      <subfield code="A">2</subfield>
    </datafield>
    <datafield ind1="x" ind2="1" tag="700">
      <subfield code="a">320.01 Politische Theorie</subfield>
      <subfield code="c">22</subfield>
    </datafield>
    <datafield ind1="b" ind2="1" tag="700">
      <subfield code="a">320.011</subfield>
      <subfield code="c">22ger</subfield>
      <subfield code="z">LBOLIN</subfield>
    </datafield>
    <datafield ind1="f" ind2="1" tag="700">
      <subfield code="a">08.38</subfield>
      <subfield code="b">Ethik</subfield>
    </datafield>
    <datafield ind1="f" ind2="1" tag="700">
      <subfield code="a">08.44</subfield>
      <subfield code="b">Sozialphilosophie</subfield>
    </datafield>
    <datafield ind1="f" ind2="1" tag="700">
      <subfield code="a">08.45</subfield>
      <subfield code="b">Politische Philosophie</subfield>
    </datafield>
    <datafield ind1="g" ind2="1" tag="700">
      <subfield code="a">CC 7500</subfield>
    </datafield>
    <datafield ind1="g" ind2="1" tag="700">
      <subfield code="a">MD 4500</subfield>
    </datafield>
    <datafield ind1="g" ind2="1" tag="700">
      <subfield code="a">MD 4550</subfield>
    </datafield>
    <datafield ind1="-" ind2="1" tag="902">
      <subfield code="s">Freiheit</subfield>
      <subfield code="9">(DE-588)4018326-9</subfield>
    </datafield>
    <datafield ind1="-" ind2="1" tag="902">
      <subfield code="s">Politische Ethik</subfield>
      <subfield code="9">(DE-588)4129503-1</subfield>
    </datafield>
    <datafield ind1="-" ind2="1" tag="907">
      <subfield code="s">Freiheit</subfield>
      <subfield code="9">(DE-588)4018326-9</subfield>
    </datafield>
    <datafield ind1="-" ind2="1" tag="907">
      <subfield code="s">Politische Philosophie</subfield>
      <subfield code="9">(DE-588)4076226-9</subfield>
    </datafield>
    <datafield ind1="-" ind2="1" tag="907">
      <subfield code="s">Republikanismus</subfield>
      <subfield code="9">(DE-588)4115751-5</subfield>
    </datafield>
    <controlfield tag="SYS">000437783</controlfield>
    <datafield ind1=" " ind2=" " tag="SWD">
      <subfield code="s">Staatsauffassung</subfield>
      <subfield code="h">Politische Philosophie</subfield>
      <subfield code="9">(DE-588)4076226-9</subfield>
    </datafield>
    <datafield ind1=" " ind2=" " tag="SWD">
      <subfield code="s">Staatsgedanke</subfield>
      <subfield code="h">Politische Philosophie</subfield>
      <subfield code="9">(DE-588)4076226-9</subfield>
    </datafield>
    <datafield ind1=" " ind2=" " tag="SWD">
      <subfield code="s">Staatsphilosophie</subfield>
      <subfield code="9">(DE-588)4076226-9</subfield>
    </datafield>
    <datafield ind1=" " ind2=" " tag="BKL">
      <subfield code="a">Ethik</subfield>
    </datafield>
    <datafield ind1=" " ind2=" " tag="BKL">
      <subfield code="a">ethics</subfield>
    </datafield>
    <datafield ind1=" " ind2=" " tag="BKL">
      <subfield code="a">Sozialphilosophie</subfield>
    </datafield>
    <datafield ind1=" " ind2=" " tag="BKL">
      <subfield code="a">social philosophy</subfield>
    </datafield>
    <datafield ind1=" " ind2=" " tag="PER">
      <subfield code="p">Pettit, Phillip</subfield>
      <subfield code="d">1945-</subfield>
      <subfield code="9">(DE-588)124973094</subfield>
    </datafield>
    <datafield ind1=" " ind2=" " tag="PER">
      <subfield code="p">Pettit, P.</subfield>
      <subfield code="d">1945-</subfield>
      <subfield code="9">(DE-588)124973094</subfield>
    </datafield>
    <datafield ind1=" " ind2=" " tag="PER">
      <subfield code="p">Pettit, Philip Noel</subfield>
      <subfield code="d">1945-</subfield>
      <subfield code="9">(DE-588)124973094</subfield>
    </datafield>
    <datafield ind1=" " ind2=" " tag="PER">
      <subfield code="9">(DE-588)172306329</subfield>
    </datafield>
    <datafield ind1=" " ind2=" " tag="SWD">
      <subfield code="s">Ethik</subfield>
      <subfield code="x">Politik</subfield>
      <subfield code="9">(DE-588)4129503-1</subfield>
    </datafield>
    <datafield ind1=" " ind2=" " tag="SWD">
      <subfield code="s">Staatsethik</subfield>
      <subfield code="9">(DE-588)4129503-1</subfield>
    </datafield>
    <datafield ind1=" " ind2=" " tag="SWD">
      <subfield code="s">Politik</subfield>
      <subfield code="x">Moral</subfield>
      <subfield code="9">(DE-588)4129503-1</subfield>
    </datafield>
    <datafield ind1=" " ind2=" " tag="SWD">
      <subfield code="s">Politische Moral</subfield>
      <subfield code="9">(DE-588)4129503-1</subfield>
    </datafield>
    <datafield ind1=" " ind2=" " tag="BKL">
      <subfield code="a">Politische Philosophie</subfield>
    </datafield>
    <datafield ind1=" " ind2=" " tag="BKL">
      <subfield code="a">political philosophy</subfield>
    </datafield>
    <datafield ind1=" " ind2=" " tag="BKL">
      <subfield code="a">Politische Ethik</subfield>
    </datafield>
    <datafield ind1=" " ind2=" " tag="BKL">
      <subfield code="a">Politische Ideengeschichte</subfield>
    </datafield>
    <datafield ind1=" " ind2=" " tag="PER">
      <subfield code="p">Pettit, Phillip</subfield>
      <subfield code="d">1945-</subfield>
      <subfield code="9">(DE-588)124973094</subfield>
    </datafield>
    <datafield ind1=" " ind2=" " tag="PER">
      <subfield code="p">Pettit, P.</subfield>
      <subfield code="d">1945-</subfield>
      <subfield code="9">(DE-588)124973094</subfield>
    </datafield>
    <datafield ind1=" " ind2=" " tag="PER">
      <subfield code="p">Pettit, Philip Noel</subfield>
      <subfield code="d">1945-</subfield>
      <subfield code="9">(DE-588)124973094</subfield>
    </datafield>
    <datafield ind1=" " ind2=" " tag="PER">
      <subfield code="9">(DE-588)172306329</subfield>
    </datafield>
    <datafield ind1=" " ind2=" " tag="SWD">
      <subfield code="s">Ethik</subfield>
      <subfield code="x">Politik</subfield>
      <subfield code="9">(DE-588)4129503-1</subfield>
    </datafield>
    <datafield ind1=" " ind2=" " tag="SWD">
      <subfield code="s">Staatsethik</subfield>
      <subfield code="9">(DE-588)4129503-1</subfield>
    </datafield>
    <datafield ind1=" " ind2=" " tag="SWD">
      <subfield code="s">Politik</subfield>
      <subfield code="x">Moral</subfield>
      <subfield code="9">(DE-588)4129503-1</subfield>
    </datafield>
    <datafield ind1=" " ind2=" " tag="SWD">
      <subfield code="s">Politische Moral</subfield>
      <subfield code="9">(DE-588)4129503-1</subfield>
    </datafield>
    <datafield ind1=" " ind2=" " tag="SWD">
      <subfield code="s">Staatsauffassung</subfield>
      <subfield code="h">Politische Philosophie</subfield>
      <subfield code="9">(DE-588)4076226-9</subfield>
    </datafield>
    <datafield ind1=" " ind2=" " tag="SWD">
      <subfield code="s">Staatsgedanke</subfield>
      <subfield code="h">Politische Philosophie</subfield>
      <subfield code="9">(DE-588)4076226-9</subfield>
    </datafield>
    <datafield ind1=" " ind2=" " tag="SWD">
      <subfield code="s">Staatsphilosophie</subfield>
      <subfield code="9">(DE-588)4076226-9</subfield>
    </datafield>
    <datafield ind1=" " ind2=" " tag="AVA">
      <subfield code="a">AKW50</subfield>
      <subfield code="b">XAW1</subfield>
      <subfield code="c">Lesesaal</subfield>
      <subfield code="e">available</subfield>
      <subfield code="t">Verf&#xFC;gbar</subfield>
      <subfield code="f">1</subfield>
      <subfield code="g">0</subfield>
      <subfield code="h">N</subfield>
      <subfield code="i">0</subfield>
      <subfield code="j">L</subfield>
    </datafield>
    <datafield ind1="-" ind2="1" tag="Z30">
      <subfield code="1">XAW1</subfield>
      <subfield code="2">L</subfield>
      <subfield code="9">320.01</subfield>
      <subfield code="g">47944</subfield>
    </datafield>
  </record>