
  <record>
    <leader>00000nM2.01200024------h</leader>
    <controlfield tag="LDR">00000nM2.01200024------h</controlfield>
    <controlfield tag="FMT">MH</controlfield>
    <datafield ind1="-" ind2="1" tag="001">
      <subfield code="a">AC12144983</subfield>
    </datafield>
    <datafield ind1="b" ind2="1" tag="002">
      <subfield code="a">20150112</subfield>
    </datafield>
    <datafield ind1="a" ind2="1" tag="025">
      <subfield code="a">1063299616</subfield>
    </datafield>
    <controlfield tag="030">f||da||||||17</controlfield>
    <datafield ind1="a" ind2="1" tag="036">
      <subfield code="a">XA-DE-NW</subfield>
    </datafield>
    <datafield ind1="b" ind2="1" tag="037">
      <subfield code="a">ger</subfield>
    </datafield>
    <controlfield tag="050">a|a|||||||||||</controlfield>
    <controlfield tag="051">m|||||||</controlfield>
    <datafield ind1="a" ind2="1" tag="070">
      <subfield code="a">DNB</subfield>
    </datafield>
    <datafield ind1="s" ind2="1" tag="076">
      <subfield code="a">11</subfield>
    </datafield>
    <datafield ind1="-" ind2="1" tag="100">
      <subfield code="p">Sch&#xE4;fer, Alfred</subfield>
      <subfield code="d">1951-</subfield>
      <subfield code="9">(DE-588)123969964</subfield>
    </datafield>
    <datafield ind1="-" ind2="1" tag="331">
      <subfield code="a">1968 - Die Aura des Widerstands</subfield>
    </datafield>
    <datafield ind1="-" ind2="1" tag="359">
      <subfield code="a">Alfred Sch&#xE4;fer</subfield>
    </datafield>
    <datafield ind1="a" ind2="1" tag="370">
      <subfield code="a">Neunzehnhundertachtundsechzig - Die Aura des Widerstands</subfield>
    </datafield>
    <datafield ind1="-" ind2="1" tag="410">
      <subfield code="a">Paderborn</subfield>
    </datafield>
    <datafield ind1="-" ind2="1" tag="412">
      <subfield code="a">Sch&#xF6;ningh</subfield>
    </datafield>
    <datafield ind1="a" ind2="1" tag="425">
      <subfield code="a">2015</subfield>
    </datafield>
    <datafield ind1="-" ind2="1" tag="433">
      <subfield code="a">218 S.</subfield>
    </datafield>
    <datafield ind1="-" ind2="1" tag="435">
      <subfield code="a">24 cm</subfield>
    </datafield>
    <datafield ind1="-" ind2="1" tag="517">
      <subfield code="a">Literaturverz. S. [211] - 218</subfield>
    </datafield>
    <datafield ind1="a" ind2="1" tag="540">
      <subfield code="a">978-3-506-78217-5</subfield>
      <subfield code="b">Kart. : ca. EUR 24.90 (DE), ca. EUR 25.60 (AT), ca. sfr 34.60 (freier Pr.)</subfield>
    </datafield>
    <datafield ind1="a" ind2="1" tag="540">
      <subfield code="a">3-506-78217-7</subfield>
    </datafield>
    <datafield ind1="a" ind2="1" tag="553">
      <subfield code="a">9783506782175</subfield>
    </datafield>
    <datafield ind1="e" ind2="1" tag="655">
      <subfield code="m">X:MVB</subfield>
      <subfield code="q">text/html</subfield>
      <subfield code="u">http://deposit.d-nb.de/cgi-bin/dokserv?id=5099151&amp;prov=M&amp;dok_var=1&amp;dok_ext=htm</subfield>
      <subfield code="3">Inhaltstext</subfield>
      <subfield code="A">2</subfield>
    </datafield>
    <datafield ind1="e" ind2="1" tag="655">
      <subfield code="q">application/pdf</subfield>
      <subfield code="u">http://media.obvsg.at/AC12144983-1001</subfield>
      <subfield code="x">UAB</subfield>
      <subfield code="3">Inhaltsverzeichnis</subfield>
      <subfield code="A">2</subfield>
    </datafield>
    <datafield ind1="x" ind2="1" tag="700">
      <subfield code="a">943 Geschichte Mitteleuropa, Deutschland</subfield>
      <subfield code="c">22</subfield>
    </datafield>
    <datafield ind1="f" ind2="1" tag="700">
      <subfield code="a">15.43</subfield>
      <subfield code="b">Deutsche Geschichte des 19. und 20. Jahrhunderts</subfield>
    </datafield>
    <datafield ind1="g" ind2="1" tag="700">
      <subfield code="a">NQ 6100</subfield>
    </datafield>
    <datafield ind1="-" ind2="1" tag="720">
      <subfield code="a">Paperback / softback</subfield>
      <subfield code="2">Produktform</subfield>
    </datafield>
    <datafield ind1="-" ind2="1" tag="720">
      <subfield code="a">1570: Hardcover, Softcover / P&#xE4;dagogik</subfield>
      <subfield code="2">VLB-WN</subfield>
    </datafield>
    <datafield ind1="-" ind2="1" tag="902">
      <subfield code="g">Deutschland</subfield>
      <subfield code="9">(DE-588)4011882-4</subfield>
    </datafield>
    <datafield ind1="-" ind2="1" tag="902">
      <subfield code="z">Geschichte 1960-1969</subfield>
    </datafield>
    <controlfield tag="SYS">000437798</controlfield>
    <datafield ind1=" " ind2=" " tag="BKL">
      <subfield code="a">Deutsche Geschichte des 19. und 20. Jahrhunderts</subfield>
    </datafield>
    <datafield ind1=" " ind2=" " tag="BKL">
      <subfield code="a">German history: 19th and 20th centuries</subfield>
    </datafield>
    <datafield ind1=" " ind2=" " tag="BKL">
      <subfield code="a">19th and 20th centuries &lt;German history&gt;</subfield>
    </datafield>
    <datafield ind1=" " ind2=" " tag="SWD">
      <subfield code="g">Deutsches Reich</subfield>
      <subfield code="9">(DE-588)4011882-4</subfield>
    </datafield>
    <datafield ind1=" " ind2=" " tag="SWD">
      <subfield code="g">Deutsche L&#xE4;nder</subfield>
      <subfield code="9">(DE-588)4011882-4</subfield>
    </datafield>
    <datafield ind1=" " ind2=" " tag="SWD">
      <subfield code="g">Sacrum Romanum Imperium</subfield>
      <subfield code="9">(DE-588)4011882-4</subfield>
    </datafield>
    <datafield ind1=" " ind2=" " tag="SWD">
      <subfield code="g">R&#xF6;misch-Deutsches Reich</subfield>
      <subfield code="9">(DE-588)4011882-4</subfield>
    </datafield>
    <datafield ind1=" " ind2=" " tag="SWD">
      <subfield code="g">Deutschland</subfield>
      <subfield code="h">Gebiet unter Alliierter Besatzung</subfield>
      <subfield code="9">(DE-588)4011882-4</subfield>
    </datafield>
    <datafield ind1=" " ind2=" " tag="SWD">
      <subfield code="g">Deutschland</subfield>
      <subfield code="h">Bundesrepublik, 1990-</subfield>
      <subfield code="9">(DE-588)4011882-4</subfield>
    </datafield>
    <datafield ind1=" " ind2=" " tag="SWD">
      <subfield code="g">BRD</subfield>
      <subfield code="h">1990-</subfield>
      <subfield code="9">(DE-588)4011882-4</subfield>
    </datafield>
    <datafield ind1=" " ind2=" " tag="SWD">
      <subfield code="g">Heiliges R&#xF6;misches Reich deutscher Nation</subfield>
      <subfield code="9">(DE-588)4011882-4</subfield>
    </datafield>
    <datafield ind1=" " ind2=" " tag="SWD">
      <subfield code="g">Germany</subfield>
      <subfield code="h">Deutschland</subfield>
      <subfield code="9">(DE-588)4011882-4</subfield>
    </datafield>
    <datafield ind1=" " ind2=" " tag="SWD">
      <subfield code="g">Deutsches Reich</subfield>
      <subfield code="9">(DE-588)4011882-4</subfield>
    </datafield>
    <datafield ind1=" " ind2=" " tag="SWD">
      <subfield code="g">Deutsche L&#xE4;nder</subfield>
      <subfield code="9">(DE-588)4011882-4</subfield>
    </datafield>
    <datafield ind1=" " ind2=" " tag="SWD">
      <subfield code="g">Sacrum Romanum Imperium</subfield>
      <subfield code="9">(DE-588)4011882-4</subfield>
    </datafield>
    <datafield ind1=" " ind2=" " tag="SWD">
      <subfield code="g">R&#xF6;misch-Deutsches Reich</subfield>
      <subfield code="9">(DE-588)4011882-4</subfield>
    </datafield>
    <datafield ind1=" " ind2=" " tag="SWD">
      <subfield code="g">Deutschland</subfield>
      <subfield code="h">Gebiet unter Alliierter Besatzung</subfield>
      <subfield code="9">(DE-588)4011882-4</subfield>
    </datafield>
    <datafield ind1=" " ind2=" " tag="SWD">
      <subfield code="g">Deutschland</subfield>
      <subfield code="h">Bundesrepublik, 1990-</subfield>
      <subfield code="9">(DE-588)4011882-4</subfield>
    </datafield>
    <datafield ind1=" " ind2=" " tag="SWD">
      <subfield code="g">BRD</subfield>
      <subfield code="h">1990-</subfield>
      <subfield code="9">(DE-588)4011882-4</subfield>
    </datafield>
    <datafield ind1=" " ind2=" " tag="SWD">
      <subfield code="g">Heiliges R&#xF6;misches Reich deutscher Nation</subfield>
      <subfield code="9">(DE-588)4011882-4</subfield>
    </datafield>
    <datafield ind1=" " ind2=" " tag="SWD">
      <subfield code="g">Germany</subfield>
      <subfield code="h">Deutschland</subfield>
      <subfield code="9">(DE-588)4011882-4</subfield>
    </datafield>
    <datafield ind1=" " ind2=" " tag="AVA">
      <subfield code="a">AKW50</subfield>
      <subfield code="b">XAW1</subfield>
      <subfield code="c">Hauptmagazin</subfield>
      <subfield code="d">B154656</subfield>
      <subfield code="e">available</subfield>
      <subfield code="t">Verf&#xFC;gbar</subfield>
      <subfield code="f">1</subfield>
      <subfield code="g">0</subfield>
      <subfield code="h">N</subfield>
      <subfield code="i">0</subfield>
      <subfield code="j">MAG1</subfield>
    </datafield>
    <datafield ind1="-" ind2="1" tag="Z30">
      <subfield code="1">XAW1</subfield>
      <subfield code="2">MAG1</subfield>
      <subfield code="3">B154656</subfield>
      <subfield code="g">47946</subfield>
    </datafield>
  </record>