
  <record>
    <leader>00000nM2.01200024------h</leader>
    <controlfield tag="LDR">00000nM2.01200024------h</controlfield>
    <controlfield tag="FMT">MH</controlfield>
    <datafield ind1="-" ind2="1" tag="001">
      <subfield code="a">AC12195834</subfield>
    </datafield>
    <datafield ind1="b" ind2="1" tag="002">
      <subfield code="a">20150226</subfield>
    </datafield>
    <datafield ind1="a" ind2="1" tag="025">
      <subfield code="a">1061104400</subfield>
    </datafield>
    <controlfield tag="030">a||dc||||||17</controlfield>
    <datafield ind1="a" ind2="1" tag="036">
      <subfield code="a">XA-DE-BW</subfield>
    </datafield>
    <datafield ind1="b" ind2="1" tag="037">
      <subfield code="a">ger</subfield>
    </datafield>
    <controlfield tag="050">a|a|||||||||||</controlfield>
    <controlfield tag="051">m|||||||</controlfield>
    <datafield ind1="a" ind2="1" tag="070">
      <subfield code="a">DNB</subfield>
    </datafield>
    <datafield ind1="s" ind2="1" tag="076">
      <subfield code="a">12</subfield>
    </datafield>
    <datafield ind1="-" ind2="1" tag="100">
      <subfield code="p">Binswanger, Mathias</subfield>
      <subfield code="d">1962-</subfield>
      <subfield code="9">(DE-588)121235955</subfield>
    </datafield>
    <datafield ind1="-" ind2="1" tag="331">
      <subfield code="a">Geld aus dem Nichts</subfield>
    </datafield>
    <datafield ind1="-" ind2="1" tag="335">
      <subfield code="a">wie Banken Wachstum erm&#xF6;glichen und Krisen verursachen</subfield>
    </datafield>
    <datafield ind1="-" ind2="1" tag="359">
      <subfield code="a">Mathias Binswanger</subfield>
    </datafield>
    <datafield ind1="-" ind2="1" tag="403">
      <subfield code="a">1. Aufl.</subfield>
    </datafield>
    <datafield ind1="-" ind2="1" tag="410">
      <subfield code="a">Weinheim</subfield>
    </datafield>
    <datafield ind1="-" ind2="1" tag="412">
      <subfield code="a">Wiley-VCH-Verl.</subfield>
    </datafield>
    <datafield ind1="a" ind2="1" tag="425">
      <subfield code="a">2015</subfield>
    </datafield>
    <datafield ind1="-" ind2="1" tag="433">
      <subfield code="a">347 S.</subfield>
    </datafield>
    <datafield ind1="-" ind2="1" tag="434">
      <subfield code="a">graph. Darst.</subfield>
    </datafield>
    <datafield ind1="-" ind2="1" tag="435">
      <subfield code="a">22 cm</subfield>
    </datafield>
    <datafield ind1="-" ind2="1" tag="517">
      <subfield code="a">Literaturverz. S. 335 - 344</subfield>
    </datafield>
    <datafield ind1="a" ind2="1" tag="540">
      <subfield code="a">978-3-527-50817-4</subfield>
      <subfield code="b">Pp. : EUR 24.99 (DE), ca. sfr 35.50 (freier Pr.)</subfield>
    </datafield>
    <datafield ind1="a" ind2="1" tag="540">
      <subfield code="a">3-527-50817-1</subfield>
    </datafield>
    <datafield ind1="a" ind2="1" tag="551">
      <subfield code="a">Best.-Nr.: 1150817 000</subfield>
    </datafield>
    <datafield ind1="e" ind2="1" tag="655">
      <subfield code="m">V:AT-OBV;B:AT-UBTUW</subfield>
      <subfield code="q">application/pdf</subfield>
      <subfield code="u">http://media.obvsg.at/AC12195834-1001</subfield>
      <subfield code="x">TUW</subfield>
      <subfield code="3">Inhaltsverzeichnis</subfield>
      <subfield code="A">2</subfield>
    </datafield>
    <datafield ind1="e" ind2="1" tag="655">
      <subfield code="m">X:MVB</subfield>
      <subfield code="q">text/html</subfield>
      <subfield code="u">http://deposit.d-nb.de/cgi-bin/dokserv?id=4828646&amp;prov=M&amp;dok_var=1&amp;dok_ext=htm</subfield>
      <subfield code="3">Inhaltstext</subfield>
      <subfield code="A">2</subfield>
    </datafield>
    <datafield ind1="x" ind2="1" tag="700">
      <subfield code="a">332 Finanzwirtschaft, Geld, Banken, B&#xF6;rse</subfield>
      <subfield code="c">22</subfield>
    </datafield>
    <datafield ind1="b" ind2="1" tag="700">
      <subfield code="a">332.414</subfield>
      <subfield code="c">22ger</subfield>
      <subfield code="z">DNB</subfield>
    </datafield>
    <datafield ind1="d" ind2="1" tag="700">
      <subfield code="a">330</subfield>
    </datafield>
    <datafield ind1="f" ind2="1" tag="700">
      <subfield code="a">83.50</subfield>
      <subfield code="b">Geld, Inflation, Kapitalmarkt</subfield>
    </datafield>
    <datafield ind1="f" ind2="1" tag="700">
      <subfield code="a">83.70</subfield>
      <subfield code="b">Banken, Versicherungen</subfield>
    </datafield>
    <datafield ind1="g" ind2="1" tag="700">
      <subfield code="a">QK 000</subfield>
    </datafield>
    <datafield ind1="g" ind2="1" tag="700">
      <subfield code="a">QK 600</subfield>
    </datafield>
    <datafield ind1="-" ind2="1" tag="720">
      <subfield code="a">Hardback</subfield>
      <subfield code="2">Produktform</subfield>
    </datafield>
    <datafield ind1="-" ind2="1" tag="720">
      <subfield code="a">Bank</subfield>
    </datafield>
    <datafield ind1="-" ind2="1" tag="720">
      <subfield code="a">Finanzmarkt</subfield>
    </datafield>
    <datafield ind1="-" ind2="1" tag="720">
      <subfield code="a">Wirtschaft</subfield>
    </datafield>
    <datafield ind1="-" ind2="1" tag="720">
      <subfield code="a">1975: Hardcover, Softcover / Sachb&#xFC;cher/Politik, Gesellschaft, Wirtschaft/Betriebswirtschaft, Unternehmen</subfield>
      <subfield code="2">VLB-WN</subfield>
    </datafield>
    <datafield ind1="-" ind2="1" tag="902">
      <subfield code="s">Kreditgesch&#xE4;ft</subfield>
      <subfield code="9">(DE-588)4134687-7</subfield>
    </datafield>
    <datafield ind1="-" ind2="1" tag="902">
      <subfield code="s">Geldsch&#xF6;pfung</subfield>
      <subfield code="9">(DE-588)4130376-3</subfield>
    </datafield>
    <datafield ind1="-" ind2="1" tag="902">
      <subfield code="s">Wirtschaftswachstum</subfield>
      <subfield code="9">(DE-588)4066527-6</subfield>
    </datafield>
    <datafield ind1="-" ind2="1" tag="902">
      <subfield code="s">Inflation</subfield>
      <subfield code="9">(DE-588)4026887-1</subfield>
    </datafield>
    <datafield ind1="-" ind2="1" tag="902">
      <subfield code="s">Spekulation</subfield>
      <subfield code="h">Wirtschaft</subfield>
      <subfield code="9">(DE-588)4056142-2</subfield>
    </datafield>
    <datafield ind1="-" ind2="1" tag="902">
      <subfield code="s">Finanzkrise</subfield>
      <subfield code="9">(DE-588)7635855-0</subfield>
    </datafield>
    <datafield ind1="-" ind2="1" tag="902">
      <subfield code="s">Geldpolitik</subfield>
      <subfield code="9">(DE-588)4019902-2</subfield>
    </datafield>
    <datafield ind1="-" ind2="1" tag="902">
      <subfield code="s">W&#xE4;hrungsreform</subfield>
      <subfield code="9">(DE-588)4188826-1</subfield>
    </datafield>
    <controlfield tag="SYS">000437800</controlfield>
    <datafield ind1=" " ind2=" " tag="BKL">
      <subfield code="a">Geld</subfield>
    </datafield>
    <datafield ind1=" " ind2=" " tag="BKL">
      <subfield code="a">Inflation</subfield>
    </datafield>
    <datafield ind1=" " ind2=" " tag="BKL">
      <subfield code="a">Kapitalmarkt</subfield>
    </datafield>
    <datafield ind1=" " ind2=" " tag="BKL">
      <subfield code="a">national monetarian economics, inflation, capital market</subfield>
    </datafield>
    <datafield ind1=" " ind2=" " tag="BKL">
      <subfield code="a">national monetarian economics</subfield>
    </datafield>
    <datafield ind1=" " ind2=" " tag="BKL">
      <subfield code="a">inflation</subfield>
    </datafield>
    <datafield ind1=" " ind2=" " tag="BKL">
      <subfield code="a">capital market</subfield>
    </datafield>
    <datafield ind1=" " ind2=" " tag="BKL">
      <subfield code="a">Notenbank</subfield>
    </datafield>
    <datafield ind1=" " ind2=" " tag="BKL">
      <subfield code="a">nationale Geldpolitik</subfield>
    </datafield>
    <datafield ind1=" " ind2=" " tag="BKL">
      <subfield code="a">B&#xF6;rse</subfield>
    </datafield>
    <datafield ind1=" " ind2=" " tag="BKL">
      <subfield code="a">Geldpsychologie</subfield>
    </datafield>
    <datafield ind1=" " ind2=" " tag="BKL">
      <subfield code="a">Geldsoziologie</subfield>
    </datafield>
    <datafield ind1=" " ind2=" " tag="BKL">
      <subfield code="a">Monetarismus</subfield>
    </datafield>
    <datafield ind1=" " ind2=" " tag="BKL">
      <subfield code="a">Zins</subfield>
    </datafield>
    <datafield ind1=" " ind2=" " tag="BKL">
      <subfield code="a">Kredit</subfield>
    </datafield>
    <datafield ind1=" " ind2=" " tag="BKL">
      <subfield code="a">Banken</subfield>
    </datafield>
    <datafield ind1=" " ind2=" " tag="BKL">
      <subfield code="a">Versicherungen</subfield>
    </datafield>
    <datafield ind1=" " ind2=" " tag="BKL">
      <subfield code="a">economic sectors: services: banking, insurance</subfield>
    </datafield>
    <datafield ind1=" " ind2=" " tag="BKL">
      <subfield code="a">economic sectors: services: banking</subfield>
    </datafield>
    <datafield ind1=" " ind2=" " tag="BKL">
      <subfield code="a">economic sectors: services: insurance</subfield>
    </datafield>
    <datafield ind1=" " ind2=" " tag="BKL">
      <subfield code="a">banking &lt;economic sectors: services&gt;</subfield>
    </datafield>
    <datafield ind1=" " ind2=" " tag="BKL">
      <subfield code="a">insurance &lt;economic sectors: services&gt;</subfield>
    </datafield>
    <datafield ind1=" " ind2=" " tag="PER">
      <subfield code="p">Binswanger, Matthias</subfield>
      <subfield code="d">1962-</subfield>
      <subfield code="9">(DE-588)121235955</subfield>
    </datafield>
    <datafield ind1=" " ind2=" " tag="PER">
      <subfield code="p">Binswanger, M.</subfield>
      <subfield code="d">1962-</subfield>
      <subfield code="9">(DE-588)121235955</subfield>
    </datafield>
    <datafield ind1=" " ind2=" " tag="SWD">
      <subfield code="s">Bank</subfield>
      <subfield code="x">Kreditgesch&#xE4;ft</subfield>
      <subfield code="9">(DE-588)4134687-7</subfield>
    </datafield>
    <datafield ind1=" " ind2=" " tag="SWD">
      <subfield code="s">Geldschaffung</subfield>
      <subfield code="9">(DE-588)4130376-3</subfield>
    </datafield>
    <datafield ind1=" " ind2=" " tag="SWD">
      <subfield code="s">Wachstum</subfield>
      <subfield code="x">Wirtschaft</subfield>
      <subfield code="9">(DE-588)4066527-6</subfield>
    </datafield>
    <datafield ind1=" " ind2=" " tag="SWD">
      <subfield code="s">Wirtschaftliches Wachstum</subfield>
      <subfield code="9">(DE-588)4066527-6</subfield>
    </datafield>
    <datafield ind1=" " ind2=" " tag="SWD">
      <subfield code="s">Geldentwertung</subfield>
      <subfield code="9">(DE-588)4026887-1</subfield>
    </datafield>
    <datafield ind1=" " ind2=" " tag="SWD">
      <subfield code="s">Finanzmarktkrise</subfield>
      <subfield code="9">(DE-588)7635855-0</subfield>
    </datafield>
    <datafield ind1=" " ind2=" " tag="SWD">
      <subfield code="s">Finanzmarkt</subfield>
      <subfield code="x">Krise</subfield>
      <subfield code="9">(DE-588)7635855-0</subfield>
    </datafield>
    <datafield ind1=" " ind2=" " tag="SWD">
      <subfield code="s">Kreditmarktkrise</subfield>
      <subfield code="9">(DE-588)7635855-0</subfield>
    </datafield>
    <datafield ind1=" " ind2=" " tag="SWD">
      <subfield code="s">Kreditwesen</subfield>
      <subfield code="x">Krise</subfield>
      <subfield code="9">(DE-588)7635855-0</subfield>
    </datafield>
    <datafield ind1=" " ind2=" " tag="PER">
      <subfield code="p">Binswanger, Matthias</subfield>
      <subfield code="d">1962-</subfield>
      <subfield code="9">(DE-588)121235955</subfield>
    </datafield>
    <datafield ind1=" " ind2=" " tag="PER">
      <subfield code="p">Binswanger, M.</subfield>
      <subfield code="d">1962-</subfield>
      <subfield code="9">(DE-588)121235955</subfield>
    </datafield>
    <datafield ind1=" " ind2=" " tag="SWD">
      <subfield code="s">Bank</subfield>
      <subfield code="x">Kreditgesch&#xE4;ft</subfield>
      <subfield code="9">(DE-588)4134687-7</subfield>
    </datafield>
    <datafield ind1=" " ind2=" " tag="SWD">
      <subfield code="s">Geldschaffung</subfield>
      <subfield code="9">(DE-588)4130376-3</subfield>
    </datafield>
    <datafield ind1=" " ind2=" " tag="SWD">
      <subfield code="s">Wachstum</subfield>
      <subfield code="x">Wirtschaft</subfield>
      <subfield code="9">(DE-588)4066527-6</subfield>
    </datafield>
    <datafield ind1=" " ind2=" " tag="SWD">
      <subfield code="s">Wirtschaftliches Wachstum</subfield>
      <subfield code="9">(DE-588)4066527-6</subfield>
    </datafield>
    <datafield ind1=" " ind2=" " tag="SWD">
      <subfield code="s">Geldentwertung</subfield>
      <subfield code="9">(DE-588)4026887-1</subfield>
    </datafield>
    <datafield ind1=" " ind2=" " tag="SWD">
      <subfield code="s">Finanzmarktkrise</subfield>
      <subfield code="9">(DE-588)7635855-0</subfield>
    </datafield>
    <datafield ind1=" " ind2=" " tag="SWD">
      <subfield code="s">Finanzmarkt</subfield>
      <subfield code="x">Krise</subfield>
      <subfield code="9">(DE-588)7635855-0</subfield>
    </datafield>
    <datafield ind1=" " ind2=" " tag="SWD">
      <subfield code="s">Kreditmarktkrise</subfield>
      <subfield code="9">(DE-588)7635855-0</subfield>
    </datafield>
    <datafield ind1=" " ind2=" " tag="SWD">
      <subfield code="s">Kreditwesen</subfield>
      <subfield code="x">Krise</subfield>
      <subfield code="9">(DE-588)7635855-0</subfield>
    </datafield>
    <datafield ind1=" " ind2=" " tag="AVA">
      <subfield code="a">AKW50</subfield>
      <subfield code="b">XAW1</subfield>
      <subfield code="c">Lesesaal</subfield>
      <subfield code="e">available</subfield>
      <subfield code="t">Verf&#xFC;gbar</subfield>
      <subfield code="f">1</subfield>
      <subfield code="g">0</subfield>
      <subfield code="h">N</subfield>
      <subfield code="i">1</subfield>
      <subfield code="j">L</subfield>
    </datafield>
    <datafield ind1="-" ind2="1" tag="Z30">
      <subfield code="1">XAW1</subfield>
      <subfield code="2">L</subfield>
      <subfield code="9">332</subfield>
      <subfield code="g">47947</subfield>
    </datafield>
  </record>