
  <record>
    <leader>00407pM2.01200024------h</leader>
    <controlfield tag="LDR">00407pM2.01200024------h</controlfield>
    <controlfield tag="FMT">MH</controlfield>
    <datafield ind1="-" ind2="1" tag="001">
      <subfield code="a">AC12270353</subfield>
    </datafield>
    <datafield ind1="b" ind2="1" tag="002">
      <subfield code="a">20150511</subfield>
    </datafield>
    <datafield ind1="-" ind2="1" tag="003">
      <subfield code="a">20160609</subfield>
    </datafield>
    <datafield ind1="a" ind2="1" tag="020">
      <subfield code="a">427707234</subfield>
      <subfield code="b">BSZ</subfield>
    </datafield>
    <datafield ind1="o" ind2="1" tag="025">
      <subfield code="a">894625312</subfield>
    </datafield>
    <datafield ind1="-" ind2="1" tag="026">
      <subfield code="a">BSZ427707234</subfield>
    </datafield>
    <controlfield tag="030">a|5zc||z|0017</controlfield>
    <datafield ind1="a" ind2="1" tag="036">
      <subfield code="a">US</subfield>
    </datafield>
    <datafield ind1="b" ind2="1" tag="037">
      <subfield code="a">eng</subfield>
    </datafield>
    <datafield ind1="b" ind2="1" tag="038">
      <subfield code="a">fre</subfield>
    </datafield>
    <controlfield tag="050">a|||||||||||||</controlfield>
    <controlfield tag="051">m|||||||</controlfield>
    <datafield ind1="-" ind2="1" tag="070">
      <subfield code="a">AKW</subfield>
    </datafield>
    <datafield ind1="a" ind2="1" tag="070">
      <subfield code="a">BSZ</subfield>
    </datafield>
    <datafield ind1="b" ind2="1" tag="070">
      <subfield code="a">WUW</subfield>
    </datafield>
    <datafield ind1="s" ind2="1" tag="076">
      <subfield code="a">10</subfield>
    </datafield>
    <datafield ind1="-" ind2="1" tag="100">
      <subfield code="p">Bourguignon, Fran&#xE7;ois</subfield>
      <subfield code="d">1945-</subfield>
      <subfield code="9">(DE-588)124073956</subfield>
    </datafield>
    <datafield ind1="b" ind2="1" tag="104">
      <subfield code="a">Scott-Railton, Thomas</subfield>
      <subfield code="b">[&#xDC;bers.]</subfield>
    </datafield>
    <datafield ind1="z" ind2="1" tag="105">
      <subfield code="a">Railton, Thomas Scott-</subfield>
    </datafield>
    <datafield ind1="-" ind2="1" tag="304">
      <subfield code="a">&lt;&lt;La&gt;&gt; mondialisation de l'in&#xE9;galit&#xE9; &lt;engl.&gt;</subfield>
    </datafield>
    <datafield ind1="-" ind2="1" tag="331">
      <subfield code="a">&lt;&lt;The&gt;&gt; globalization of inequality</subfield>
    </datafield>
    <datafield ind1="-" ind2="1" tag="359">
      <subfield code="a">Francois Bourguignon. Transl. by Thomas Scott-Railton</subfield>
    </datafield>
    <datafield ind1="-" ind2="1" tag="410">
      <subfield code="a">Princeton, NJ [u.a.]</subfield>
    </datafield>
    <datafield ind1="-" ind2="1" tag="412">
      <subfield code="a">Princeton Univ. Press</subfield>
    </datafield>
    <datafield ind1="a" ind2="1" tag="425">
      <subfield code="a">2015</subfield>
    </datafield>
    <datafield ind1="-" ind2="1" tag="433">
      <subfield code="a">210 S.</subfield>
    </datafield>
    <datafield ind1="-" ind2="1" tag="434">
      <subfield code="a">graph. Darst.</subfield>
    </datafield>
    <datafield ind1="-" ind2="1" tag="435">
      <subfield code="a">23 cm</subfield>
    </datafield>
    <datafield ind1="-" ind2="1" tag="516">
      <subfield code="a">Aus dem Franz. &#xFC;bers.</subfield>
    </datafield>
    <datafield ind1="a" ind2="1" tag="540">
      <subfield code="a">978-0-691-16052-8</subfield>
      <subfield code="b">hbk.</subfield>
    </datafield>
    <datafield ind1="x" ind2="1" tag="700">
      <subfield code="a">305 Soziale Gruppen</subfield>
      <subfield code="c">22</subfield>
    </datafield>
    <datafield ind1="f" ind2="1" tag="700">
      <subfield code="a">71.12</subfield>
      <subfield code="b">Soziale Stratifikation, soziale Mobilit&#xE4;t</subfield>
    </datafield>
    <datafield ind1="g" ind2="1" tag="700">
      <subfield code="a">QX 200</subfield>
    </datafield>
    <datafield ind1="-" ind2="1" tag="902">
      <subfield code="s">Globalisierung</subfield>
      <subfield code="9">(DE-588)4557997-0</subfield>
    </datafield>
    <datafield ind1="-" ind2="1" tag="902">
      <subfield code="s">Soziale Ungleichheit</subfield>
      <subfield code="9">(DE-588)4055736-4</subfield>
    </datafield>
    <datafield ind1="-" ind2="1" tag="907">
      <subfield code="s">Globalisierung</subfield>
      <subfield code="9">(DE-588)4557997-0</subfield>
    </datafield>
    <datafield ind1="-" ind2="1" tag="907">
      <subfield code="s">Einkommensverteilung</subfield>
      <subfield code="9">(DE-588)4013898-7</subfield>
    </datafield>
    <datafield ind1="-" ind2="1" tag="907">
      <subfield code="s">Verm&#xF6;gensverteilung</subfield>
      <subfield code="9">(DE-588)4063086-9</subfield>
    </datafield>
    <datafield ind1="-" ind2="1" tag="907">
      <subfield code="s">Ungleichheit</subfield>
      <subfield code="9">(DE-588)4186884-5</subfield>
    </datafield>
    <controlfield tag="SYS">000437813</controlfield>
    <datafield ind1=" " ind2=" " tag="SWD">
      <subfield code="s">Disparit&#xE4;t</subfield>
      <subfield code="h">Ungleichheit</subfield>
      <subfield code="9">(DE-588)4186884-5</subfield>
    </datafield>
    <datafield ind1=" " ind2=" " tag="SWD">
      <subfield code="s">Disparit&#xE4;t</subfield>
      <subfield code="h">Ungleichheit</subfield>
      <subfield code="9">(DE-588)4186884-5</subfield>
    </datafield>
    <datafield ind1=" " ind2=" " tag="SWD">
      <subfield code="s">Distribution</subfield>
      <subfield code="h">Verm&#xF6;gensverteilung</subfield>
      <subfield code="9">(DE-588)4063086-9</subfield>
    </datafield>
    <datafield ind1=" " ind2=" " tag="PER">
      <subfield code="p">Bourguignon, F.</subfield>
      <subfield code="d">1945-</subfield>
      <subfield code="9">(DE-588)124073956</subfield>
    </datafield>
    <datafield ind1=" " ind2=" " tag="PER">
      <subfield code="p">Bourguignon, F.</subfield>
      <subfield code="d">1945-</subfield>
      <subfield code="9">(DE-588)124073956</subfield>
    </datafield>
    <datafield ind1=" " ind2=" " tag="SWD">
      <subfield code="s">Weltwirtschaft</subfield>
      <subfield code="x">Internationalisierung</subfield>
      <subfield code="9">(DE-588)4557997-0</subfield>
    </datafield>
    <datafield ind1=" " ind2=" " tag="SWD">
      <subfield code="s">Weltgesellschaft</subfield>
      <subfield code="x">Internationalisierung</subfield>
      <subfield code="9">(DE-588)4557997-0</subfield>
    </datafield>
    <datafield ind1=" " ind2=" " tag="SWD">
      <subfield code="s">Globalisation</subfield>
      <subfield code="9">(DE-588)4557997-0</subfield>
    </datafield>
    <datafield ind1=" " ind2=" " tag="SWD">
      <subfield code="s">Globalization</subfield>
      <subfield code="9">(DE-588)4557997-0</subfield>
    </datafield>
    <datafield ind1=" " ind2=" " tag="SWD">
      <subfield code="s">Soziale Differenz</subfield>
      <subfield code="9">(DE-588)4055736-4</subfield>
    </datafield>
    <datafield ind1=" " ind2=" " tag="SWD">
      <subfield code="s">Gesellschaftliche Ungleichheit</subfield>
      <subfield code="9">(DE-588)4055736-4</subfield>
    </datafield>
    <datafield ind1=" " ind2=" " tag="SWD">
      <subfield code="s">Sozialer Unterschied</subfield>
      <subfield code="9">(DE-588)4055736-4</subfield>
    </datafield>
    <datafield ind1=" " ind2=" " tag="BKL">
      <subfield code="a">Soziale Stratifikation</subfield>
    </datafield>
    <datafield ind1=" " ind2=" " tag="BKL">
      <subfield code="a">soziale Mobilit&#xE4;t</subfield>
    </datafield>
    <datafield ind1=" " ind2=" " tag="BKL">
      <subfield code="a">sociology: social structure: social stratification, social mobility</subfield>
    </datafield>
    <datafield ind1=" " ind2=" " tag="BKL">
      <subfield code="a">sociology: social structure: social stratification</subfield>
    </datafield>
    <datafield ind1=" " ind2=" " tag="BKL">
      <subfield code="a">sociology: social structure: social mobility</subfield>
    </datafield>
    <datafield ind1=" " ind2=" " tag="BKL">
      <subfield code="a">social stratification &lt;sociology: social structure&gt;</subfield>
    </datafield>
    <datafield ind1=" " ind2=" " tag="BKL">
      <subfield code="a">social mobility &lt;sociology: social structure&gt;</subfield>
    </datafield>
    <datafield ind1=" " ind2=" " tag="BKL">
      <subfield code="a">Soziale Klassen</subfield>
    </datafield>
    <datafield ind1=" " ind2=" " tag="BKL">
      <subfield code="a">soziale Ungleichheit</subfield>
    </datafield>
    <datafield ind1=" " ind2=" " tag="BKL">
      <subfield code="a">soziale Schichten</subfield>
    </datafield>
    <datafield ind1=" " ind2=" " tag="SWD">
      <subfield code="s">Einkommen</subfield>
      <subfield code="x">Verteilung</subfield>
      <subfield code="9">(DE-588)4013898-7</subfield>
    </datafield>
    <datafield ind1=" " ind2=" " tag="SWD">
      <subfield code="s">Verteilung</subfield>
      <subfield code="x">Volkseinkommen</subfield>
      <subfield code="9">(DE-588)4013898-7</subfield>
    </datafield>
    <datafield ind1=" " ind2=" " tag="SWD">
      <subfield code="s">Distribution</subfield>
      <subfield code="h">Einkommensverteilung</subfield>
      <subfield code="9">(DE-588)4013898-7</subfield>
    </datafield>
    <datafield ind1=" " ind2=" " tag="SWD">
      <subfield code="s">Einkommen</subfield>
      <subfield code="x">Verteilung</subfield>
      <subfield code="9">(DE-588)4013898-7</subfield>
    </datafield>
    <datafield ind1=" " ind2=" " tag="SWD">
      <subfield code="s">Verteilung</subfield>
      <subfield code="x">Volkseinkommen</subfield>
      <subfield code="9">(DE-588)4013898-7</subfield>
    </datafield>
    <datafield ind1=" " ind2=" " tag="SWD">
      <subfield code="s">Distribution</subfield>
      <subfield code="h">Einkommensverteilung</subfield>
      <subfield code="9">(DE-588)4013898-7</subfield>
    </datafield>
    <datafield ind1=" " ind2=" " tag="SWD">
      <subfield code="s">Distribution</subfield>
      <subfield code="h">Verm&#xF6;gensverteilung</subfield>
      <subfield code="9">(DE-588)4063086-9</subfield>
    </datafield>
    <datafield ind1=" " ind2=" " tag="SWD">
      <subfield code="s">Weltwirtschaft</subfield>
      <subfield code="x">Internationalisierung</subfield>
      <subfield code="9">(DE-588)4557997-0</subfield>
    </datafield>
    <datafield ind1=" " ind2=" " tag="SWD">
      <subfield code="s">Weltgesellschaft</subfield>
      <subfield code="x">Internationalisierung</subfield>
      <subfield code="9">(DE-588)4557997-0</subfield>
    </datafield>
    <datafield ind1=" " ind2=" " tag="SWD">
      <subfield code="s">Globalisation</subfield>
      <subfield code="9">(DE-588)4557997-0</subfield>
    </datafield>
    <datafield ind1=" " ind2=" " tag="SWD">
      <subfield code="s">Globalization</subfield>
      <subfield code="9">(DE-588)4557997-0</subfield>
    </datafield>
    <datafield ind1=" " ind2=" " tag="SWD">
      <subfield code="s">Soziale Differenz</subfield>
      <subfield code="9">(DE-588)4055736-4</subfield>
    </datafield>
    <datafield ind1=" " ind2=" " tag="SWD">
      <subfield code="s">Gesellschaftliche Ungleichheit</subfield>
      <subfield code="9">(DE-588)4055736-4</subfield>
    </datafield>
    <datafield ind1=" " ind2=" " tag="SWD">
      <subfield code="s">Sozialer Unterschied</subfield>
      <subfield code="9">(DE-588)4055736-4</subfield>
    </datafield>
    <datafield ind1=" " ind2=" " tag="AVA">
      <subfield code="a">AKW50</subfield>
      <subfield code="b">XAW1</subfield>
      <subfield code="c">ABT.WW.17612</subfield>
      <subfield code="d">H4130</subfield>
      <subfield code="e">available</subfield>
      <subfield code="t">Verf&#xFC;gbar</subfield>
      <subfield code="f">1</subfield>
      <subfield code="g">0</subfield>
      <subfield code="h">N</subfield>
      <subfield code="i">0</subfield>
      <subfield code="j">17612</subfield>
    </datafield>
    <datafield ind1=" " ind2=" " tag="AVA">
      <subfield code="a">AKW50</subfield>
      <subfield code="b">XAW1</subfield>
      <subfield code="c">Hauptmagazin</subfield>
      <subfield code="d">B155625</subfield>
      <subfield code="e">available</subfield>
      <subfield code="t">Verf&#xFC;gbar</subfield>
      <subfield code="f">1</subfield>
      <subfield code="g">0</subfield>
      <subfield code="h">N</subfield>
      <subfield code="i">0</subfield>
      <subfield code="j">MAG1</subfield>
    </datafield>
    <datafield ind1="-" ind2="1" tag="Z30">
      <subfield code="1">XAW1</subfield>
      <subfield code="2">17612</subfield>
      <subfield code="3">H4130</subfield>
      <subfield code="9">ABT.WW.17612</subfield>
      <subfield code="g">49297</subfield>
    </datafield>
    <datafield ind1="-" ind2="1" tag="Z30">
      <subfield code="1">XAW1</subfield>
      <subfield code="2">MAG1</subfield>
      <subfield code="3">B155625</subfield>
      <subfield code="g">47948</subfield>
    </datafield>
  </record>