
  <record>
    <leader>00000nM2.01200024------h</leader>
    <controlfield tag="LDR">00000nM2.01200024------h</controlfield>
    <controlfield tag="FMT">MH</controlfield>
    <datafield ind1="-" ind2="1" tag="001">
      <subfield code="a">AC11698178</subfield>
    </datafield>
    <datafield ind1="b" ind2="1" tag="002">
      <subfield code="a">20140602</subfield>
    </datafield>
    <datafield ind1="-" ind2="1" tag="003">
      <subfield code="a">20151223</subfield>
    </datafield>
    <datafield ind1="a" ind2="1" tag="020">
      <subfield code="a">1051097118</subfield>
      <subfield code="b">DNB</subfield>
    </datafield>
    <datafield ind1="a" ind2="1" tag="025">
      <subfield code="a">1051097118</subfield>
    </datafield>
    <datafield ind1="-" ind2="1" tag="026">
      <subfield code="a">DNB1051097118</subfield>
    </datafield>
    <controlfield tag="030">a||dr||||||17</controlfield>
    <datafield ind1="a" ind2="1" tag="036">
      <subfield code="a">XA-DE</subfield>
    </datafield>
    <datafield ind1="b" ind2="1" tag="037">
      <subfield code="a">ger</subfield>
    </datafield>
    <controlfield tag="050">a|a|||||||||||</controlfield>
    <controlfield tag="051">sz||w|||</controlfield>
    <datafield ind1="-" ind2="1" tag="060">
      <subfield code="b">txt</subfield>
    </datafield>
    <datafield ind1="-" ind2="1" tag="061">
      <subfield code="b">n</subfield>
    </datafield>
    <datafield ind1="-" ind2="1" tag="062">
      <subfield code="b">nc</subfield>
    </datafield>
    <datafield ind1="-" ind2="1" tag="070">
      <subfield code="a">UBW</subfield>
    </datafield>
    <datafield ind1="a" ind2="1" tag="070">
      <subfield code="a">DNB</subfield>
    </datafield>
    <datafield ind1="b" ind2="1" tag="070">
      <subfield code="a">UBK</subfield>
    </datafield>
    <datafield ind1="s" ind2="1" tag="076">
      <subfield code="a">04</subfield>
    </datafield>
    <datafield ind1="-" ind2="1" tag="100">
      <subfield code="p">Terkessidis, Mark</subfield>
      <subfield code="d">1966-</subfield>
      <subfield code="9">(DE-588)121924491</subfield>
    </datafield>
    <datafield ind1="-" ind2="1" tag="331">
      <subfield code="a">Kollaboration</subfield>
    </datafield>
    <datafield ind1="-" ind2="1" tag="359">
      <subfield code="a">Mark Terkessidis</subfield>
    </datafield>
    <datafield ind1="-" ind2="1" tag="403">
      <subfield code="a">Originalausgabe, Erste Auflage</subfield>
    </datafield>
    <datafield ind1="-" ind2="1" tag="419">
      <subfield code="a">Berlin</subfield>
      <subfield code="b">Suhrkamp</subfield>
      <subfield code="c">2015</subfield>
    </datafield>
    <datafield ind1="a" ind2="1" tag="425">
      <subfield code="a">2015</subfield>
    </datafield>
    <datafield ind1="-" ind2="1" tag="433">
      <subfield code="a">331 Seiten</subfield>
    </datafield>
    <datafield ind1="-" ind2="1" tag="434">
      <subfield code="a">Illustrationen</subfield>
    </datafield>
    <datafield ind1="-" ind2="1" tag="435">
      <subfield code="a">18 cm</subfield>
    </datafield>
    <datafield ind1="-" ind2="1" tag="451">
      <subfield code="a">Edition Suhrkamp</subfield>
      <subfield code="v">2686</subfield>
    </datafield>
    <datafield ind1="-" ind2="1" tag="455">
      <subfield code="a">2686</subfield>
    </datafield>
    <datafield ind1="-" ind2="1" tag="456">
      <subfield code="a">2686</subfield>
    </datafield>
    <datafield ind1="a" ind2="1" tag="540">
      <subfield code="a">978-3-518-12686-8</subfield>
      <subfield code="b">Pb. : ca. EUR 16.00 (DE), ca. EUR 16.50 (AT), ca. sfr 23.50 (freier Pr.)</subfield>
    </datafield>
    <datafield ind1="a" ind2="1" tag="540">
      <subfield code="a">3-518-12686-5</subfield>
    </datafield>
    <datafield ind1="a" ind2="1" tag="551">
      <subfield code="a">Best.-Nr.: 12686</subfield>
    </datafield>
    <datafield ind1="e" ind2="1" tag="655">
      <subfield code="m">B:DE-101</subfield>
      <subfield code="q">application/pdf</subfield>
      <subfield code="u">http://d-nb.info/1051097118/04</subfield>
      <subfield code="x">DNB-TOC</subfield>
      <subfield code="3">Inhaltsverzeichnis</subfield>
      <subfield code="A">2</subfield>
    </datafield>
    <datafield ind1="e" ind2="1" tag="655">
      <subfield code="m">V:AT-OBV;B:AT-UBTUW</subfield>
      <subfield code="q">text/plain</subfield>
      <subfield code="u">http://media.obvsg.at/AC11698178-3401</subfield>
      <subfield code="x">TUW</subfield>
      <subfield code="3">Klappentext</subfield>
      <subfield code="A">2</subfield>
    </datafield>
    <datafield ind1="x" ind2="1" tag="700">
      <subfield code="a">300 Sozialwissenschaften, Soziologie, Anthropologie</subfield>
      <subfield code="c">22</subfield>
    </datafield>
    <datafield ind1="-" ind2="1" tag="700">
      <subfield code="a">300</subfield>
      <subfield code="2">DNB</subfield>
    </datafield>
    <datafield ind1="b" ind2="1" tag="700">
      <subfield code="a">302.14</subfield>
      <subfield code="c">22ger</subfield>
      <subfield code="z">DNB</subfield>
    </datafield>
    <datafield ind1="f" ind2="1" tag="700">
      <subfield code="a">08.44</subfield>
      <subfield code="b">Sozialphilosophie</subfield>
    </datafield>
    <datafield ind1="a" ind2="1" tag="705">
      <subfield code="a">302.14</subfield>
      <subfield code="c">302.14</subfield>
      <subfield code="e">DDC22ger</subfield>
    </datafield>
    <datafield ind1="-" ind2="1" tag="902">
      <subfield code="s">Kooperation</subfield>
      <subfield code="9">(DE-588)4032386-9</subfield>
    </datafield>
    <datafield ind1="-" ind2="1" tag="902">
      <subfield code="s">Gesellschaft</subfield>
      <subfield code="9">(DE-588)4020588-5</subfield>
    </datafield>
    <datafield ind1="-" ind2="1" tag="902">
      <subfield code="s">Entwicklung</subfield>
      <subfield code="9">(DE-588)4113450-3</subfield>
    </datafield>
    <controlfield tag="SYS">000437818</controlfield>
    <datafield ind1=" " ind2=" " tag="SWD">
      <subfield code="s">Zusammenarbeit</subfield>
      <subfield code="9">(DE-588)4032386-9</subfield>
    </datafield>
    <datafield ind1=" " ind2=" " tag="SWD">
      <subfield code="s">Cooperation</subfield>
      <subfield code="9">(DE-588)4032386-9</subfield>
    </datafield>
    <datafield ind1=" " ind2=" " tag="SWD">
      <subfield code="s">Partnerschaft</subfield>
      <subfield code="h">Kooperation</subfield>
      <subfield code="9">(DE-588)4032386-9</subfield>
    </datafield>
    <datafield ind1=" " ind2=" " tag="SWD">
      <subfield code="s">Zusammenarbeit</subfield>
      <subfield code="9">(DE-588)4032386-9</subfield>
    </datafield>
    <datafield ind1=" " ind2=" " tag="SWD">
      <subfield code="s">Cooperation</subfield>
      <subfield code="9">(DE-588)4032386-9</subfield>
    </datafield>
    <datafield ind1=" " ind2=" " tag="SWD">
      <subfield code="s">Partnerschaft</subfield>
      <subfield code="h">Kooperation</subfield>
      <subfield code="9">(DE-588)4032386-9</subfield>
    </datafield>
    <datafield ind1=" " ind2=" " tag="SWD">
      <subfield code="s">Ursprung</subfield>
      <subfield code="h">Entwicklung</subfield>
      <subfield code="9">(DE-588)4113450-3</subfield>
    </datafield>
    <datafield ind1=" " ind2=" " tag="SWD">
      <subfield code="s">Entwicklungsstadium</subfield>
      <subfield code="9">(DE-588)4113450-3</subfield>
    </datafield>
    <datafield ind1=" " ind2=" " tag="SWD">
      <subfield code="s">Ursprung</subfield>
      <subfield code="h">Entwicklung</subfield>
      <subfield code="9">(DE-588)4113450-3</subfield>
    </datafield>
    <datafield ind1=" " ind2=" " tag="SWD">
      <subfield code="s">Entwicklungsstadium</subfield>
      <subfield code="9">(DE-588)4113450-3</subfield>
    </datafield>
    <datafield ind1=" " ind2=" " tag="BKL">
      <subfield code="a">Sozialphilosophie</subfield>
    </datafield>
    <datafield ind1=" " ind2=" " tag="BKL">
      <subfield code="a">social philosophy</subfield>
    </datafield>
    <datafield ind1=" " ind2=" " tag="AVA">
      <subfield code="a">AKW50</subfield>
      <subfield code="b">XAW1</subfield>
      <subfield code="c">Hauptmagazin</subfield>
      <subfield code="d">A49317</subfield>
      <subfield code="e">unavailable</subfield>
      <subfield code="t">Nicht verf&#xFC;gbar</subfield>
      <subfield code="f">1</subfield>
      <subfield code="g">1</subfield>
      <subfield code="h">N</subfield>
      <subfield code="i">1</subfield>
      <subfield code="j">MAG1</subfield>
    </datafield>
    <datafield ind1="-" ind2="1" tag="Z30">
      <subfield code="1">XAW1</subfield>
      <subfield code="2">MAG1</subfield>
      <subfield code="3">A49317</subfield>
      <subfield code="g">47951</subfield>
    </datafield>
  </record>