
  <record>
    <leader>00000nM2.01200024------h</leader>
    <controlfield tag="LDR">00000nM2.01200024------h</controlfield>
    <controlfield tag="FMT">MH</controlfield>
    <datafield ind1="-" ind2="1" tag="001">
      <subfield code="a">AC12215649</subfield>
    </datafield>
    <datafield ind1="b" ind2="1" tag="002">
      <subfield code="a">20150316</subfield>
    </datafield>
    <datafield ind1="a" ind2="1" tag="025">
      <subfield code="a">1065081944</subfield>
    </datafield>
    <controlfield tag="030">a|1ucr|||||37</controlfield>
    <datafield ind1="a" ind2="1" tag="036">
      <subfield code="a">XA-AT</subfield>
    </datafield>
    <datafield ind1="b" ind2="1" tag="037">
      <subfield code="a">ger</subfield>
    </datafield>
    <controlfield tag="050">a|a|||||||||||</controlfield>
    <controlfield tag="051">m|||z|||</controlfield>
    <datafield ind1="a" ind2="1" tag="070">
      <subfield code="a">DNB</subfield>
    </datafield>
    <datafield ind1="s" ind2="1" tag="076">
      <subfield code="a">42</subfield>
    </datafield>
    <datafield ind1="b" ind2="1" tag="100">
      <subfield code="p">St&#xFC;hlinger, Harald Robert</subfield>
      <subfield code="d">1970-</subfield>
      <subfield code="9">(DE-588)139787569</subfield>
      <subfield code="b">[Hrsg.]</subfield>
    </datafield>
    <datafield ind1="b" ind2="1" tag="104">
      <subfield code="p">Murauer, Gerhard</subfield>
      <subfield code="d">1982-</subfield>
      <subfield code="9">(DE-588)1074765648</subfield>
      <subfield code="b">[Mitarb.]</subfield>
    </datafield>
    <datafield ind1="-" ind2="1" tag="331">
      <subfield code="a">Vom Werden der Wiener Ringstra&#xDF;e</subfield>
    </datafield>
    <datafield ind1="-" ind2="1" tag="335">
      <subfield code="a">[eine Ver&#xF6;ffentlichung der Wienbibliothek im Rathaus ; ... Ausstellung im Ausstellungskabinett der Wienbibliothek ...]</subfield>
    </datafield>
    <datafield ind1="-" ind2="1" tag="359">
      <subfield code="a">Harald R. St&#xFC;hlinger (Hg.). Unter Mitarb. von Gerhard Murauer</subfield>
    </datafield>
    <datafield ind1="-" ind2="1" tag="410">
      <subfield code="a">Wien</subfield>
    </datafield>
    <datafield ind1="-" ind2="1" tag="412">
      <subfield code="a">Metroverl.</subfield>
    </datafield>
    <datafield ind1="a" ind2="1" tag="425">
      <subfield code="a">2015</subfield>
    </datafield>
    <datafield ind1="-" ind2="1" tag="433">
      <subfield code="a">396 S.</subfield>
    </datafield>
    <datafield ind1="-" ind2="1" tag="434">
      <subfield code="a">zahlr. Ill., Kt., Faks.</subfield>
    </datafield>
    <datafield ind1="a" ind2="1" tag="540">
      <subfield code="a">978-3-99300-218-3</subfield>
      <subfield code="b">geb. : EUR 29,90 ; CHF 40,90</subfield>
    </datafield>
    <datafield ind1="a" ind2="1" tag="553">
      <subfield code="a">9783993002183</subfield>
    </datafield>
    <datafield ind1="-" ind2="1" tag="580">
      <subfield code="a">OeB2015,A,14 710,720</subfield>
    </datafield>
    <datafield ind1="e" ind2="1" tag="655">
      <subfield code="m">X:MVB</subfield>
      <subfield code="q">text/html</subfield>
      <subfield code="u">http://deposit.d-nb.de/cgi-bin/dokserv?id=5129062&amp;prov=M&amp;dok_var=1&amp;dok_ext=htm</subfield>
      <subfield code="3">Inhaltstext</subfield>
      <subfield code="A">2</subfield>
    </datafield>
    <datafield ind1="e" ind2="1" tag="655">
      <subfield code="q">application/pdf</subfield>
      <subfield code="u">http://media.obvsg.at/AC12215649-1001</subfield>
      <subfield code="x">PAR</subfield>
      <subfield code="3">Inhaltsverzeichnis</subfield>
      <subfield code="A">2</subfield>
    </datafield>
    <datafield ind1="x" ind2="1" tag="700">
      <subfield code="a">943.6 Geschichte &#xD6;sterreich</subfield>
      <subfield code="c">22</subfield>
    </datafield>
    <datafield ind1="b" ind2="1" tag="700">
      <subfield code="a">720.943613</subfield>
      <subfield code="c">22ger</subfield>
      <subfield code="z">DNB</subfield>
    </datafield>
    <datafield ind1="f" ind2="1" tag="700">
      <subfield code="a">74.72</subfield>
      <subfield code="b">Stadtplanung, kommunale Planung</subfield>
    </datafield>
    <datafield ind1="f" ind2="1" tag="700">
      <subfield code="a">21.60</subfield>
      <subfield code="b">Baugeschichte: Allgemeines</subfield>
    </datafield>
    <datafield ind1="g" ind2="1" tag="700">
      <subfield code="a">LL 21266</subfield>
    </datafield>
    <datafield ind1="g" ind2="1" tag="700">
      <subfield code="a">ZH 4736</subfield>
    </datafield>
    <datafield ind1="g" ind2="1" tag="700">
      <subfield code="a">ZH 4920</subfield>
    </datafield>
    <datafield ind1="-" ind2="1" tag="720">
      <subfield code="a">Book</subfield>
      <subfield code="2">Produktform</subfield>
    </datafield>
    <datafield ind1="-" ind2="1" tag="720">
      <subfield code="a">Ringstra&#xDF;e</subfield>
    </datafield>
    <datafield ind1="-" ind2="1" tag="720">
      <subfield code="a">Jubil&#xE4;um</subfield>
    </datafield>
    <datafield ind1="-" ind2="1" tag="720">
      <subfield code="a">Prachtboulevard</subfield>
    </datafield>
    <datafield ind1="-" ind2="1" tag="720">
      <subfield code="a">Wienbibliothek</subfield>
    </datafield>
    <datafield ind1="-" ind2="1" tag="720">
      <subfield code="a">900</subfield>
      <subfield code="2">DNB-Sachgruppen</subfield>
    </datafield>
    <datafield ind1="-" ind2="1" tag="720">
      <subfield code="a">1352: Hardcover, Softcover / Reisen/Bildb&#xE4;nde/Europa</subfield>
      <subfield code="2">VLB-WN</subfield>
    </datafield>
    <datafield ind1="-" ind2="1" tag="902">
      <subfield code="g">Wiener Ringstra&#xDF;e</subfield>
      <subfield code="h">Wien</subfield>
      <subfield code="9">(DE-588)4108142-0</subfield>
    </datafield>
    <datafield ind1="-" ind2="1" tag="902">
      <subfield code="s">Architektur</subfield>
      <subfield code="9">(DE-588)4002851-3</subfield>
    </datafield>
    <datafield ind1="-" ind2="1" tag="902">
      <subfield code="z">Geschichte</subfield>
    </datafield>
    <controlfield tag="SYS">000437836</controlfield>
    <datafield ind1=" " ind2=" " tag="BKL">
      <subfield code="a">Baugeschichte: Allgemeines</subfield>
    </datafield>
    <datafield ind1=" " ind2=" " tag="BKL">
      <subfield code="a">history of architecture: general</subfield>
    </datafield>
    <datafield ind1=" " ind2=" " tag="BKL">
      <subfield code="a">Architekturgeschichte</subfield>
    </datafield>
    <datafield ind1=" " ind2=" " tag="SWD">
      <subfield code="g">Ringstra&#xDF;enzone</subfield>
      <subfield code="h">Wien</subfield>
      <subfield code="9">(DE-588)4108142-0</subfield>
    </datafield>
    <datafield ind1=" " ind2=" " tag="SWD">
      <subfield code="g">Ringstra&#xDF;e</subfield>
      <subfield code="h">Wien</subfield>
      <subfield code="9">(DE-588)4108142-0</subfield>
    </datafield>
    <datafield ind1=" " ind2=" " tag="SWD">
      <subfield code="s">Baukunst</subfield>
      <subfield code="9">(DE-588)4002851-3</subfield>
    </datafield>
    <datafield ind1=" " ind2=" " tag="PER">
      <subfield code="p">St&#xFC;hlinger, Harald R.</subfield>
      <subfield code="d">1970-</subfield>
      <subfield code="9">(DE-588)139787569</subfield>
    </datafield>
    <datafield ind1=" " ind2=" " tag="BKL">
      <subfield code="a">Stadtplanung</subfield>
    </datafield>
    <datafield ind1=" " ind2=" " tag="BKL">
      <subfield code="a">kommunale Planung</subfield>
    </datafield>
    <datafield ind1=" " ind2=" " tag="BKL">
      <subfield code="a">town and country planning: town planning, community planning</subfield>
    </datafield>
    <datafield ind1=" " ind2=" " tag="BKL">
      <subfield code="a">town and country planning: town planning</subfield>
    </datafield>
    <datafield ind1=" " ind2=" " tag="BKL">
      <subfield code="a">town and country planning: community planning</subfield>
    </datafield>
    <datafield ind1=" " ind2=" " tag="BKL">
      <subfield code="a">town planning &lt;town and country planning&gt;</subfield>
    </datafield>
    <datafield ind1=" " ind2=" " tag="BKL">
      <subfield code="a">community planning &lt;town and country planning&gt;</subfield>
    </datafield>
    <datafield ind1=" " ind2=" " tag="BKL">
      <subfield code="a">Bauleitplanung</subfield>
    </datafield>
    <datafield ind1=" " ind2=" " tag="BKL">
      <subfield code="a">Stadtentwicklung</subfield>
    </datafield>
    <datafield ind1=" " ind2=" " tag="BKL">
      <subfield code="a">Stadt&#xF6;kologie</subfield>
    </datafield>
    <datafield ind1=" " ind2=" " tag="PER">
      <subfield code="9">AG0021066</subfield>
    </datafield>
    <datafield ind1=" " ind2=" " tag="PER">
      <subfield code="p">St&#xFC;hlinger, Harald R.</subfield>
      <subfield code="d">1970-</subfield>
      <subfield code="9">(DE-588)139787569</subfield>
    </datafield>
    <datafield ind1=" " ind2=" " tag="PER">
      <subfield code="9">AG0021066</subfield>
    </datafield>
    <datafield ind1=" " ind2=" " tag="SWD">
      <subfield code="g">Ringstra&#xDF;enzone</subfield>
      <subfield code="h">Wien</subfield>
      <subfield code="9">(DE-588)4108142-0</subfield>
    </datafield>
    <datafield ind1=" " ind2=" " tag="SWD">
      <subfield code="g">Ringstra&#xDF;e</subfield>
      <subfield code="h">Wien</subfield>
      <subfield code="9">(DE-588)4108142-0</subfield>
    </datafield>
    <datafield ind1=" " ind2=" " tag="SWD">
      <subfield code="s">Baukunst</subfield>
      <subfield code="9">(DE-588)4002851-3</subfield>
    </datafield>
    <datafield ind1=" " ind2=" " tag="AVA">
      <subfield code="a">AKW50</subfield>
      <subfield code="b">XAW1</subfield>
      <subfield code="c">Hauptmagazin</subfield>
      <subfield code="d">C60281</subfield>
      <subfield code="e">available</subfield>
      <subfield code="t">Verf&#xFC;gbar</subfield>
      <subfield code="f">1</subfield>
      <subfield code="g">0</subfield>
      <subfield code="h">N</subfield>
      <subfield code="i">1</subfield>
      <subfield code="j">MAG1</subfield>
    </datafield>
    <datafield ind1="-" ind2="1" tag="Z30">
      <subfield code="1">XAW1</subfield>
      <subfield code="2">MAG1</subfield>
      <subfield code="3">C60281</subfield>
      <subfield code="g">47957</subfield>
    </datafield>
  </record>