
  <record>
    <leader>01871nM2.01200024------h</leader>
    <controlfield tag="LDR">01871nM2.01200024------h</controlfield>
    <controlfield tag="FMT">MH</controlfield>
    <datafield ind1="-" ind2="1" tag="001">
      <subfield code="a">AC12271533</subfield>
    </datafield>
    <datafield ind1="b" ind2="1" tag="002">
      <subfield code="a">20150511</subfield>
    </datafield>
    <datafield ind1="l" ind2="1" tag="025">
      <subfield code="a">2014032948</subfield>
    </datafield>
    <controlfield tag="030">a|1uc||||||17</controlfield>
    <datafield ind1="a" ind2="1" tag="036">
      <subfield code="a">GB</subfield>
    </datafield>
    <datafield ind1="b" ind2="1" tag="037">
      <subfield code="a">eng</subfield>
    </datafield>
    <controlfield tag="050">a|a|||||||||||</controlfield>
    <controlfield tag="051">m|||||||</controlfield>
    <datafield ind1="a" ind2="1" tag="070">
      <subfield code="a">HBZ</subfield>
    </datafield>
    <datafield ind1="s" ind2="1" tag="076">
      <subfield code="a">09</subfield>
    </datafield>
    <datafield ind1="-" ind2="1" tag="100">
      <subfield code="p">Judt, Tony</subfield>
      <subfield code="d">1948-2010</subfield>
      <subfield code="9">(DE-588)120831864</subfield>
    </datafield>
    <datafield ind1="b" ind2="1" tag="104">
      <subfield code="a">Homans, Jennifer</subfield>
      <subfield code="b">[Hrsg.]</subfield>
    </datafield>
    <datafield ind1="-" ind2="1" tag="331">
      <subfield code="a">When the facts change</subfield>
    </datafield>
    <datafield ind1="-" ind2="1" tag="335">
      <subfield code="a">essays, 1995 - 2010</subfield>
    </datafield>
    <datafield ind1="-" ind2="1" tag="359">
      <subfield code="a">Tony Judt. Ed. and introd. by Jennifer Homans</subfield>
    </datafield>
    <datafield ind1="-" ind2="1" tag="403">
      <subfield code="a">1. publ.</subfield>
    </datafield>
    <datafield ind1="-" ind2="1" tag="410">
      <subfield code="a">London [u.a.]</subfield>
    </datafield>
    <datafield ind1="-" ind2="1" tag="412">
      <subfield code="a">Heinemann</subfield>
    </datafield>
    <datafield ind1="a" ind2="1" tag="425">
      <subfield code="a">2015</subfield>
    </datafield>
    <datafield ind1="-" ind2="1" tag="433">
      <subfield code="a">386 S.</subfield>
    </datafield>
    <datafield ind1="a" ind2="1" tag="540">
      <subfield code="a">978-1-59420-600-9</subfield>
      <subfield code="b">(hbk.)</subfield>
    </datafield>
    <datafield ind1="a" ind2="1" tag="540">
      <subfield code="a">978-0-434-02308-0</subfield>
    </datafield>
    <datafield ind1="e" ind2="1" tag="655">
      <subfield code="3">Cover image</subfield>
      <subfield code="u">ftp://ppftpuser:welcome@ftp01.penguingroup.com/Booksellers and Media/Covers/2008_2009_New_Covers/9781594206009.jpg</subfield>
      <subfield code="A">2</subfield>
    </datafield>
    <datafield ind1="x" ind2="1" tag="700">
      <subfield code="a">327 Internationale Politik</subfield>
      <subfield code="c">22</subfield>
    </datafield>
    <datafield ind1="s" ind2="1" tag="740">
      <subfield code="a">History</subfield>
      <subfield code="x">Philosophy</subfield>
    </datafield>
    <datafield ind1="s" ind2="1" tag="740">
      <subfield code="a">Historiography</subfield>
      <subfield code="x">Philosophy</subfield>
    </datafield>
    <datafield ind1="p" ind2="1" tag="740">
      <subfield code="a">Judt, Tony</subfield>
      <subfield code="x">Philosophy</subfield>
    </datafield>
    <datafield ind1="p" ind2="1" tag="740">
      <subfield code="a">Judt, Tony</subfield>
      <subfield code="x">Political and social views</subfield>
    </datafield>
    <datafield ind1="s" ind2="1" tag="740">
      <subfield code="a">History</subfield>
      <subfield code="x">Moral and ethical aspects</subfield>
    </datafield>
    <datafield ind1="s" ind2="1" tag="740">
      <subfield code="a">Historiography</subfield>
      <subfield code="x">Moral and ethical aspects</subfield>
    </datafield>
    <datafield ind1="s" ind2="1" tag="740">
      <subfield code="a">Historians</subfield>
      <subfield code="x">Professional ethics</subfield>
    </datafield>
    <datafield ind1="-" ind2="1" tag="750">
      <subfield code="a">"In an age in which the lack of independent public intellectuals has often been sorely lamented, the historian Tony Judt played a rare and valuable role, bringing together history and current events, Europe and America, what was and what is with what should be. In When the Facts Change, Tony Judt's widow and fellow historian Jennifer Homans has assembled an essential collection of the most important and influential pieces written in the last fifteen years of Judt's life, the years in which he found his voice in the public sphere. Included are seminal essays on the full range of Judt's concerns, including Europe as an idea and in reality, before 1989 and thereafter; Israel, the Holocaust and the Jews; American hyperpower and the world after 9/11; and issues of social inclusion and social justice in an age of increasing inequality.^</subfield>
    </datafield>
    <datafield ind1="-" ind2="1" tag="902">
      <subfield code="p">Judt, Tony</subfield>
      <subfield code="d">1948-2010</subfield>
      <subfield code="9">(DE-588)120831864</subfield>
    </datafield>
    <datafield ind1="-" ind2="1" tag="902">
      <subfield code="s">Internationale Politik</subfield>
      <subfield code="9">(DE-588)4072885-7</subfield>
    </datafield>
    <datafield ind1="-" ind2="1" tag="902">
      <subfield code="z">Geschichte 1989 - 2010</subfield>
    </datafield>
    <controlfield tag="SYS">000437929</controlfield>
    <datafield ind1=" " ind2=" " tag="PER">
      <subfield code="p">Judt, Tony R.</subfield>
      <subfield code="d">1948-2010</subfield>
      <subfield code="9">(DE-588)120831864</subfield>
    </datafield>
    <datafield ind1=" " ind2=" " tag="PER">
      <subfield code="p">Judt, Tony Robert</subfield>
      <subfield code="d">1948-2010</subfield>
      <subfield code="9">(DE-588)120831864</subfield>
    </datafield>
    <datafield ind1=" " ind2=" " tag="PER">
      <subfield code="p">Judt, Tony R.</subfield>
      <subfield code="d">1948-2010</subfield>
      <subfield code="9">(DE-588)120831864</subfield>
    </datafield>
    <datafield ind1=" " ind2=" " tag="PER">
      <subfield code="p">Judt, Tony Robert</subfield>
      <subfield code="d">1948-2010</subfield>
      <subfield code="9">(DE-588)120831864</subfield>
    </datafield>
    <datafield ind1=" " ind2=" " tag="SWD">
      <subfield code="p">Judt, Tony R.</subfield>
      <subfield code="d">1948-2010</subfield>
      <subfield code="9">(DE-588)120831864</subfield>
    </datafield>
    <datafield ind1=" " ind2=" " tag="SWD">
      <subfield code="p">Judt, Tony Robert</subfield>
      <subfield code="d">1948-2010</subfield>
      <subfield code="9">(DE-588)120831864</subfield>
    </datafield>
    <datafield ind1=" " ind2=" " tag="SWD">
      <subfield code="s">Internationale Beziehungen</subfield>
      <subfield code="9">(DE-588)4072885-7</subfield>
    </datafield>
    <datafield ind1=" " ind2=" " tag="SWD">
      <subfield code="s">Politische Beziehungen</subfield>
      <subfield code="x">Internationale Politik</subfield>
      <subfield code="9">(DE-588)4072885-7</subfield>
    </datafield>
    <datafield ind1=" " ind2=" " tag="SWD">
      <subfield code="s">Zwischenstaatliche Beziehungen</subfield>
      <subfield code="9">(DE-588)4072885-7</subfield>
    </datafield>
    <datafield ind1=" " ind2=" " tag="SWD">
      <subfield code="s">Internationale Beziehungen</subfield>
      <subfield code="9">(DE-588)4072885-7</subfield>
    </datafield>
    <datafield ind1=" " ind2=" " tag="SWD">
      <subfield code="s">Politische Beziehungen</subfield>
      <subfield code="x">Internationale Politik</subfield>
      <subfield code="9">(DE-588)4072885-7</subfield>
    </datafield>
    <datafield ind1=" " ind2=" " tag="SWD">
      <subfield code="s">Zwischenstaatliche Beziehungen</subfield>
      <subfield code="9">(DE-588)4072885-7</subfield>
    </datafield>
    <datafield ind1=" " ind2=" " tag="SWD">
      <subfield code="p">Judt, Tony R.</subfield>
      <subfield code="d">1948-2010</subfield>
      <subfield code="9">(DE-588)120831864</subfield>
    </datafield>
    <datafield ind1=" " ind2=" " tag="SWD">
      <subfield code="p">Judt, Tony Robert</subfield>
      <subfield code="d">1948-2010</subfield>
      <subfield code="9">(DE-588)120831864</subfield>
    </datafield>
    <datafield ind1=" " ind2=" " tag="AVA">
      <subfield code="a">AKW50</subfield>
      <subfield code="b">XAW1</subfield>
      <subfield code="c">Lesesaal</subfield>
      <subfield code="e">available</subfield>
      <subfield code="t">Verf&#xFC;gbar</subfield>
      <subfield code="f">1</subfield>
      <subfield code="g">0</subfield>
      <subfield code="h">N</subfield>
      <subfield code="i">0</subfield>
      <subfield code="j">L</subfield>
    </datafield>
    <datafield ind1="-" ind2="1" tag="Z30">
      <subfield code="1">XAW1</subfield>
      <subfield code="2">L</subfield>
      <subfield code="9">327</subfield>
      <subfield code="g">47991</subfield>
    </datafield>
  </record>