
  <record>
    <leader>00776nM2.01200024------h</leader>
    <controlfield tag="LDR">00776nM2.01200024------h</controlfield>
    <controlfield tag="FMT">MH</controlfield>
    <datafield ind1="-" ind2="1" tag="001">
      <subfield code="a">AC12272631</subfield>
    </datafield>
    <datafield ind1="b" ind2="1" tag="002">
      <subfield code="a">20150512</subfield>
    </datafield>
    <datafield ind1="l" ind2="1" tag="025">
      <subfield code="a">2013041807</subfield>
    </datafield>
    <datafield ind1="o" ind2="1" tag="025">
      <subfield code="a">862928764</subfield>
    </datafield>
    <controlfield tag="030">a|5zk||z|0017</controlfield>
    <datafield ind1="a" ind2="1" tag="036">
      <subfield code="a">US</subfield>
    </datafield>
    <datafield ind1="b" ind2="1" tag="037">
      <subfield code="a">eng</subfield>
    </datafield>
    <controlfield tag="050">a|a|||||||||||</controlfield>
    <controlfield tag="051">m|||||||</controlfield>
    <datafield ind1="s" ind2="1" tag="076">
      <subfield code="a">54</subfield>
    </datafield>
    <datafield ind1="-" ind2="1" tag="100">
      <subfield code="p">Rosengarten, Frank</subfield>
      <subfield code="d">1927-</subfield>
      <subfield code="9">(DE-588)1024212165</subfield>
    </datafield>
    <datafield ind1="b" ind2="1" tag="104">
      <subfield code="p">Gramsci, Antonio</subfield>
      <subfield code="d">1891-1937</subfield>
      <subfield code="9">(DE-588)118541463</subfield>
      <subfield code="b">[Behandelte Person]</subfield>
    </datafield>
    <datafield ind1="-" ind2="1" tag="331">
      <subfield code="a">&lt;&lt;The&gt;&gt; revolutionary Marxism of Antonio Gramsci</subfield>
    </datafield>
    <datafield ind1="-" ind2="1" tag="359">
      <subfield code="a">Frank Rosengarten</subfield>
    </datafield>
    <datafield ind1="-" ind2="1" tag="410">
      <subfield code="a">Chicago, IL</subfield>
    </datafield>
    <datafield ind1="-" ind2="1" tag="412">
      <subfield code="a">Haymarket Books</subfield>
    </datafield>
    <datafield ind1="a" ind2="1" tag="425">
      <subfield code="a">2015</subfield>
    </datafield>
    <datafield ind1="-" ind2="1" tag="433">
      <subfield code="a">VIII, 197 S.</subfield>
    </datafield>
    <datafield ind1="b" ind2="1" tag="451">
      <subfield code="a">Historical materialism book series</subfield>
    </datafield>
    <datafield ind1="-" ind2="1" tag="517">
      <subfield code="a">Literaturverz. S. [191] - 194</subfield>
    </datafield>
    <datafield ind1="a" ind2="1" tag="540">
      <subfield code="a">978-1-60846-473-9</subfield>
      <subfield code="b">pbk.</subfield>
    </datafield>
    <datafield ind1="c" ind2="1" tag="700">
      <subfield code="a">HX288.G7</subfield>
    </datafield>
    <datafield ind1="x" ind2="1" tag="700">
      <subfield code="a">335 Sozialismus und verwandte Systeme</subfield>
      <subfield code="c">22</subfield>
    </datafield>
    <datafield ind1="b" ind2="1" tag="700">
      <subfield code="a">335.4092</subfield>
      <subfield code="c">n/a</subfield>
    </datafield>
    <datafield ind1="-" ind2="1" tag="902">
      <subfield code="p">Gramsci, Antonio</subfield>
      <subfield code="d">1891-1937</subfield>
      <subfield code="9">(DE-588)118541463</subfield>
    </datafield>
    <datafield ind1="-" ind2="1" tag="902">
      <subfield code="s">Marxismus</subfield>
      <subfield code="9">(DE-588)4037764-7</subfield>
    </datafield>
    <datafield ind1="-" ind2="1" tag="902">
      <subfield code="z">G:it S:ig Z:40</subfield>
    </datafield>
    <controlfield tag="SYS">000437975</controlfield>
    <datafield ind1=" " ind2=" " tag="SWD">
      <subfield code="s">Marxistische Theorie</subfield>
      <subfield code="9">(DE-588)4037764-7</subfield>
    </datafield>
    <datafield ind1=" " ind2=" " tag="SWD">
      <subfield code="s">Marxistische Theorie</subfield>
      <subfield code="9">(DE-588)4037764-7</subfield>
    </datafield>
    <datafield ind1=" " ind2=" " tag="SWD">
      <subfield code="9">(DE-588)186113420</subfield>
    </datafield>
    <datafield ind1=" " ind2=" " tag="SWD">
      <subfield code="p">Gramsci, A.</subfield>
      <subfield code="d">1891-1937</subfield>
      <subfield code="9">(DE-588)118541463</subfield>
    </datafield>
    <datafield ind1=" " ind2=" " tag="SWD">
      <subfield code="p">&#x1E6;r&#x101;m&#x161;&#x12B;, An&#x1E6D;&#x16B;ny&#x16B;</subfield>
      <subfield code="d">1891-1937</subfield>
      <subfield code="9">(DE-588)118541463</subfield>
    </datafield>
    <datafield ind1=" " ind2=" " tag="SWD">
      <subfield code="p">Gir&#x101;mi&#x161;&#x12B;, &#x100;ntuny&#x16B;</subfield>
      <subfield code="d">1891-1937</subfield>
      <subfield code="9">(DE-588)118541463</subfield>
    </datafield>
    <datafield ind1=" " ind2=" " tag="SWD">
      <subfield code="p">Gram&#x161;i, Antonio</subfield>
      <subfield code="d">1891-1937</subfield>
      <subfield code="9">(DE-588)118541463</subfield>
    </datafield>
    <datafield ind1=" " ind2=" " tag="SWD">
      <subfield code="9">(DE-588)186113420</subfield>
    </datafield>
    <datafield ind1=" " ind2=" " tag="SWD">
      <subfield code="p">Gramsci, A.</subfield>
      <subfield code="d">1891-1937</subfield>
      <subfield code="9">(DE-588)118541463</subfield>
    </datafield>
    <datafield ind1=" " ind2=" " tag="SWD">
      <subfield code="p">&#x1E6;r&#x101;m&#x161;&#x12B;, An&#x1E6D;&#x16B;ny&#x16B;</subfield>
      <subfield code="d">1891-1937</subfield>
      <subfield code="9">(DE-588)118541463</subfield>
    </datafield>
    <datafield ind1=" " ind2=" " tag="SWD">
      <subfield code="p">Gir&#x101;mi&#x161;&#x12B;, &#x100;ntuny&#x16B;</subfield>
      <subfield code="d">1891-1937</subfield>
      <subfield code="9">(DE-588)118541463</subfield>
    </datafield>
    <datafield ind1=" " ind2=" " tag="SWD">
      <subfield code="p">Gram&#x161;i, Antonio</subfield>
      <subfield code="d">1891-1937</subfield>
      <subfield code="9">(DE-588)118541463</subfield>
    </datafield>
    <datafield ind1=" " ind2=" " tag="PER">
      <subfield code="p">Gramsci, A.</subfield>
      <subfield code="d">1891-1937</subfield>
      <subfield code="9">(DE-588)118541463</subfield>
    </datafield>
    <datafield ind1=" " ind2=" " tag="PER">
      <subfield code="p">&#x1E6;r&#x101;m&#x161;&#x12B;, An&#x1E6D;&#x16B;ny&#x16B;</subfield>
      <subfield code="d">1891-1937</subfield>
      <subfield code="9">(DE-588)118541463</subfield>
    </datafield>
    <datafield ind1=" " ind2=" " tag="PER">
      <subfield code="p">Gir&#x101;mi&#x161;&#x12B;, &#x100;ntuny&#x16B;</subfield>
      <subfield code="d">1891-1937</subfield>
      <subfield code="9">(DE-588)118541463</subfield>
    </datafield>
    <datafield ind1=" " ind2=" " tag="PER">
      <subfield code="p">Gram&#x161;i, Antonio</subfield>
      <subfield code="d">1891-1937</subfield>
      <subfield code="9">(DE-588)118541463</subfield>
    </datafield>
    <datafield ind1=" " ind2=" " tag="PER">
      <subfield code="9">(DE-588)186113420</subfield>
    </datafield>
    <datafield ind1=" " ind2=" " tag="PER">
      <subfield code="p">Gramsci, A.</subfield>
      <subfield code="d">1891-1937</subfield>
      <subfield code="9">(DE-588)118541463</subfield>
    </datafield>
    <datafield ind1=" " ind2=" " tag="PER">
      <subfield code="p">&#x1E6;r&#x101;m&#x161;&#x12B;, An&#x1E6D;&#x16B;ny&#x16B;</subfield>
      <subfield code="d">1891-1937</subfield>
      <subfield code="9">(DE-588)118541463</subfield>
    </datafield>
    <datafield ind1=" " ind2=" " tag="PER">
      <subfield code="p">Gir&#x101;mi&#x161;&#x12B;, &#x100;ntuny&#x16B;</subfield>
      <subfield code="d">1891-1937</subfield>
      <subfield code="9">(DE-588)118541463</subfield>
    </datafield>
    <datafield ind1=" " ind2=" " tag="PER">
      <subfield code="p">Gram&#x161;i, Antonio</subfield>
      <subfield code="d">1891-1937</subfield>
      <subfield code="9">(DE-588)118541463</subfield>
    </datafield>
    <datafield ind1=" " ind2=" " tag="PER">
      <subfield code="9">(DE-588)186113420</subfield>
    </datafield>
    <datafield ind1=" " ind2=" " tag="AVA">
      <subfield code="a">AKW50</subfield>
      <subfield code="b">XAW1</subfield>
      <subfield code="c">Lesesaal</subfield>
      <subfield code="e">available</subfield>
      <subfield code="t">Verf&#xFC;gbar</subfield>
      <subfield code="f">1</subfield>
      <subfield code="g">0</subfield>
      <subfield code="h">N</subfield>
      <subfield code="i">0</subfield>
      <subfield code="j">L</subfield>
    </datafield>
    <datafield ind1="-" ind2="1" tag="Z30">
      <subfield code="1">XAW1</subfield>
      <subfield code="2">L</subfield>
      <subfield code="9">335</subfield>
      <subfield code="g">48015</subfield>
    </datafield>
  </record>