
  <record>
    <leader>00398nM2.01200024------h</leader>
    <controlfield tag="LDR">00398nM2.01200024------h</controlfield>
    <controlfield tag="FMT">MH</controlfield>
    <datafield ind1="-" ind2="1" tag="001">
      <subfield code="a">AC12276440</subfield>
    </datafield>
    <datafield ind1="b" ind2="1" tag="002">
      <subfield code="a">20150518</subfield>
    </datafield>
    <controlfield tag="030">e|1uc||||||17</controlfield>
    <datafield ind1="a" ind2="1" tag="036">
      <subfield code="a">FR</subfield>
    </datafield>
    <datafield ind1="b" ind2="1" tag="037">
      <subfield code="a">fre</subfield>
    </datafield>
    <controlfield tag="050">a|||||||||||||</controlfield>
    <controlfield tag="051">m|||||||</controlfield>
    <datafield ind1="-" ind2="1" tag="100">
      <subfield code="p">Serge, Victor</subfield>
      <subfield code="d">1890-1947</subfield>
      <subfield code="9">(DE-588)118613359</subfield>
    </datafield>
    <datafield ind1="-" ind2="1" tag="331">
      <subfield code="a">&lt;&lt;La&gt;&gt; ville en danger</subfield>
    </datafield>
    <datafield ind1="-" ind2="1" tag="335">
      <subfield code="a">P&#xE9;trograd, l'an II de la R&#xE9;volution</subfield>
    </datafield>
    <datafield ind1="-" ind2="1" tag="359">
      <subfield code="a">Victor Serge</subfield>
    </datafield>
    <datafield ind1="-" ind2="1" tag="410">
      <subfield code="a">Paris</subfield>
    </datafield>
    <datafield ind1="-" ind2="1" tag="412">
      <subfield code="a">Librairie du travail</subfield>
    </datafield>
    <datafield ind1="a" ind2="1" tag="425">
      <subfield code="a">1924</subfield>
    </datafield>
    <datafield ind1="-" ind2="1" tag="433">
      <subfield code="a">62 S.</subfield>
    </datafield>
    <datafield ind1="-" ind2="1" tag="435">
      <subfield code="a">19 cm</subfield>
    </datafield>
    <datafield ind1="x" ind2="1" tag="700">
      <subfield code="a">947 Geschichte Russland und Osteuropa</subfield>
      <subfield code="c">22</subfield>
    </datafield>
    <controlfield tag="SYS">000438121</controlfield>
    <datafield ind1=" " ind2=" " tag="PER">
      <subfield code="p">R&#xE9;tif</subfield>
      <subfield code="d">1890-1947</subfield>
      <subfield code="9">(DE-588)118613359</subfield>
    </datafield>
    <datafield ind1=" " ind2=" " tag="PER">
      <subfield code="p">Victor-Serge</subfield>
      <subfield code="d">1890-1947</subfield>
      <subfield code="9">(DE-588)118613359</subfield>
    </datafield>
    <datafield ind1=" " ind2=" " tag="PER">
      <subfield code="p">Kibaltchitch, Viktor Lvovitch</subfield>
      <subfield code="d">1890-1947</subfield>
      <subfield code="9">(DE-588)118613359</subfield>
    </datafield>
    <datafield ind1=" " ind2=" " tag="PER">
      <subfield code="p">Kibal&#x2B9;&#x10D;i&#x10D;, Viktor L.</subfield>
      <subfield code="d">1890-1947</subfield>
      <subfield code="9">(DE-588)118613359</subfield>
    </datafield>
    <datafield ind1=" " ind2=" " tag="PER">
      <subfield code="p">Kibal&#x2B9;&#x10D;i&#x10D;, Viktor L&#x2B9;vovi&#x10D;</subfield>
      <subfield code="d">1890-1947</subfield>
      <subfield code="9">(DE-588)118613359</subfield>
    </datafield>
    <datafield ind1=" " ind2=" " tag="PER">
      <subfield code="p">Serge, Viktor</subfield>
      <subfield code="d">1890-1947</subfield>
      <subfield code="9">(DE-588)118613359</subfield>
    </datafield>
    <datafield ind1=" " ind2=" " tag="PER">
      <subfield code="p">Ser&#x17E;, Viktor</subfield>
      <subfield code="d">1890-1947</subfield>
      <subfield code="9">(DE-588)118613359</subfield>
    </datafield>
    <datafield ind1=" " ind2=" " tag="PER">
      <subfield code="p">Kibal&#x2B9;chich, Viktor L&#x2B9;vovich</subfield>
      <subfield code="d">1890-1947</subfield>
      <subfield code="9">(DE-588)118613359</subfield>
    </datafield>
    <datafield ind1=" " ind2=" " tag="PER">
      <subfield code="p">Kibaltchitch, Victor-Napol&#xE9;on Lvovitch</subfield>
      <subfield code="d">1890-1947</subfield>
      <subfield code="9">(DE-588)118613359</subfield>
    </datafield>
    <datafield ind1=" " ind2=" " tag="PER">
      <subfield code="p">Serzh, Viktor</subfield>
      <subfield code="d">1890-1947</subfield>
      <subfield code="9">(DE-588)118613359</subfield>
    </datafield>
    <datafield ind1=" " ind2=" " tag="PER">
      <subfield code="p">Kibalchich, Victor L.</subfield>
      <subfield code="d">1890-1947</subfield>
      <subfield code="9">(DE-588)118613359</subfield>
    </datafield>
    <datafield ind1=" " ind2=" " tag="PER">
      <subfield code="p">Kibaltchitch, Viktor L.</subfield>
      <subfield code="d">1890-1947</subfield>
      <subfield code="9">(DE-588)118613359</subfield>
    </datafield>
    <datafield ind1=" " ind2=" " tag="PER">
      <subfield code="p">Kibaltschitsch, Victor Lwowitsch</subfield>
      <subfield code="d">1890-1947</subfield>
      <subfield code="9">(DE-588)118613359</subfield>
    </datafield>
    <datafield ind1=" " ind2=" " tag="PER">
      <subfield code="p">Kibalchich, Victor Lwowitsch</subfield>
      <subfield code="d">1890-1947</subfield>
      <subfield code="9">(DE-588)118613359</subfield>
    </datafield>
    <datafield ind1=" " ind2=" " tag="PER">
      <subfield code="p">Kibalchich, Victor Lwowitch</subfield>
      <subfield code="d">1890-1947</subfield>
      <subfield code="9">(DE-588)118613359</subfield>
    </datafield>
    <datafield ind1=" " ind2=" " tag="PER">
      <subfield code="p">Kibaltchitch, Viktor Llvovitch</subfield>
      <subfield code="d">1890-1947</subfield>
      <subfield code="9">(DE-588)118613359</subfield>
    </datafield>
    <datafield ind1=" " ind2=" " tag="PER">
      <subfield code="p">Kibaltchitch, Victor-Napol&#xE9;on Llvovitch</subfield>
      <subfield code="d">1890-1947</subfield>
      <subfield code="9">(DE-588)118613359</subfield>
    </datafield>
    <datafield ind1=" " ind2=" " tag="PER">
      <subfield code="p">Serzh, Victor</subfield>
      <subfield code="d">1890-1947</subfield>
      <subfield code="9">(DE-588)118613359</subfield>
    </datafield>
    <datafield ind1=" " ind2=" " tag="PER">
      <subfield code="p">Kibalchich, Victor Serge</subfield>
      <subfield code="d">1890-1947</subfield>
      <subfield code="9">(DE-588)118613359</subfield>
    </datafield>
    <datafield ind1=" " ind2=" " tag="PER">
      <subfield code="p">Kibaltchich, Victor-Serge</subfield>
      <subfield code="d">1890-1947</subfield>
      <subfield code="9">(DE-588)118613359</subfield>
    </datafield>
    <datafield ind1=" " ind2=" " tag="PER">
      <subfield code="p">&#x412;&#x438;&#x43A;&#x442;&#x43E;&#x440; &#x41B;&#x44C;&#x432;&#x43E;&#x432;&#x438;&#x447; &#x41A;&#x438;&#x431;&#x430;&#x43B;&#x44C;&#x447;&#x438;&#x447;</subfield>
      <subfield code="d">1890-1947</subfield>
      <subfield code="9">(DE-588)118613359</subfield>
    </datafield>
    <datafield ind1=" " ind2=" " tag="PER">
      <subfield code="p">Kibaltschitsch, Wictor Lwowitsch</subfield>
      <subfield code="d">1890-1947</subfield>
      <subfield code="9">(DE-588)118613359</subfield>
    </datafield>
    <datafield ind1=" " ind2=" " tag="PER">
      <subfield code="9">(DE-588)158442067</subfield>
    </datafield>
    <datafield ind1=" " ind2=" " tag="PER">
      <subfield code="9">(DE-588)158500547</subfield>
    </datafield>
    <datafield ind1=" " ind2=" " tag="PER">
      <subfield code="9">(DE-588)15858855X</subfield>
    </datafield>
    <datafield ind1=" " ind2=" " tag="PER">
      <subfield code="p">R&#xE9;tif</subfield>
      <subfield code="d">1890-1947</subfield>
      <subfield code="9">(DE-588)118613359</subfield>
    </datafield>
    <datafield ind1=" " ind2=" " tag="PER">
      <subfield code="p">Victor-Serge</subfield>
      <subfield code="d">1890-1947</subfield>
      <subfield code="9">(DE-588)118613359</subfield>
    </datafield>
    <datafield ind1=" " ind2=" " tag="PER">
      <subfield code="p">Kibaltchitch, Viktor Lvovitch</subfield>
      <subfield code="d">1890-1947</subfield>
      <subfield code="9">(DE-588)118613359</subfield>
    </datafield>
    <datafield ind1=" " ind2=" " tag="PER">
      <subfield code="p">Kibal&#x2B9;&#x10D;i&#x10D;, Viktor L.</subfield>
      <subfield code="d">1890-1947</subfield>
      <subfield code="9">(DE-588)118613359</subfield>
    </datafield>
    <datafield ind1=" " ind2=" " tag="PER">
      <subfield code="p">Kibal&#x2B9;&#x10D;i&#x10D;, Viktor L&#x2B9;vovi&#x10D;</subfield>
      <subfield code="d">1890-1947</subfield>
      <subfield code="9">(DE-588)118613359</subfield>
    </datafield>
    <datafield ind1=" " ind2=" " tag="PER">
      <subfield code="p">Serge, Viktor</subfield>
      <subfield code="d">1890-1947</subfield>
      <subfield code="9">(DE-588)118613359</subfield>
    </datafield>
    <datafield ind1=" " ind2=" " tag="PER">
      <subfield code="p">Ser&#x17E;, Viktor</subfield>
      <subfield code="d">1890-1947</subfield>
      <subfield code="9">(DE-588)118613359</subfield>
    </datafield>
    <datafield ind1=" " ind2=" " tag="PER">
      <subfield code="p">Kibal&#x2B9;chich, Viktor L&#x2B9;vovich</subfield>
      <subfield code="d">1890-1947</subfield>
      <subfield code="9">(DE-588)118613359</subfield>
    </datafield>
    <datafield ind1=" " ind2=" " tag="PER">
      <subfield code="p">Kibaltchitch, Victor-Napol&#xE9;on Lvovitch</subfield>
      <subfield code="d">1890-1947</subfield>
      <subfield code="9">(DE-588)118613359</subfield>
    </datafield>
    <datafield ind1=" " ind2=" " tag="PER">
      <subfield code="p">Serzh, Viktor</subfield>
      <subfield code="d">1890-1947</subfield>
      <subfield code="9">(DE-588)118613359</subfield>
    </datafield>
    <datafield ind1=" " ind2=" " tag="PER">
      <subfield code="p">Kibalchich, Victor L.</subfield>
      <subfield code="d">1890-1947</subfield>
      <subfield code="9">(DE-588)118613359</subfield>
    </datafield>
    <datafield ind1=" " ind2=" " tag="PER">
      <subfield code="p">Kibaltchitch, Viktor L.</subfield>
      <subfield code="d">1890-1947</subfield>
      <subfield code="9">(DE-588)118613359</subfield>
    </datafield>
    <datafield ind1=" " ind2=" " tag="PER">
      <subfield code="p">Kibaltschitsch, Victor Lwowitsch</subfield>
      <subfield code="d">1890-1947</subfield>
      <subfield code="9">(DE-588)118613359</subfield>
    </datafield>
    <datafield ind1=" " ind2=" " tag="PER">
      <subfield code="p">Kibalchich, Victor Lwowitsch</subfield>
      <subfield code="d">1890-1947</subfield>
      <subfield code="9">(DE-588)118613359</subfield>
    </datafield>
    <datafield ind1=" " ind2=" " tag="PER">
      <subfield code="p">Kibalchich, Victor Lwowitch</subfield>
      <subfield code="d">1890-1947</subfield>
      <subfield code="9">(DE-588)118613359</subfield>
    </datafield>
    <datafield ind1=" " ind2=" " tag="PER">
      <subfield code="p">Kibaltchitch, Viktor Llvovitch</subfield>
      <subfield code="d">1890-1947</subfield>
      <subfield code="9">(DE-588)118613359</subfield>
    </datafield>
    <datafield ind1=" " ind2=" " tag="PER">
      <subfield code="p">Kibaltchitch, Victor-Napol&#xE9;on Llvovitch</subfield>
      <subfield code="d">1890-1947</subfield>
      <subfield code="9">(DE-588)118613359</subfield>
    </datafield>
    <datafield ind1=" " ind2=" " tag="PER">
      <subfield code="p">Serzh, Victor</subfield>
      <subfield code="d">1890-1947</subfield>
      <subfield code="9">(DE-588)118613359</subfield>
    </datafield>
    <datafield ind1=" " ind2=" " tag="PER">
      <subfield code="p">Kibalchich, Victor Serge</subfield>
      <subfield code="d">1890-1947</subfield>
      <subfield code="9">(DE-588)118613359</subfield>
    </datafield>
    <datafield ind1=" " ind2=" " tag="PER">
      <subfield code="p">Kibaltchich, Victor-Serge</subfield>
      <subfield code="d">1890-1947</subfield>
      <subfield code="9">(DE-588)118613359</subfield>
    </datafield>
    <datafield ind1=" " ind2=" " tag="PER">
      <subfield code="p">&#x412;&#x438;&#x43A;&#x442;&#x43E;&#x440; &#x41B;&#x44C;&#x432;&#x43E;&#x432;&#x438;&#x447; &#x41A;&#x438;&#x431;&#x430;&#x43B;&#x44C;&#x447;&#x438;&#x447;</subfield>
      <subfield code="d">1890-1947</subfield>
      <subfield code="9">(DE-588)118613359</subfield>
    </datafield>
    <datafield ind1=" " ind2=" " tag="PER">
      <subfield code="p">Kibaltschitsch, Wictor Lwowitsch</subfield>
      <subfield code="d">1890-1947</subfield>
      <subfield code="9">(DE-588)118613359</subfield>
    </datafield>
    <datafield ind1=" " ind2=" " tag="PER">
      <subfield code="9">(DE-588)158442067</subfield>
    </datafield>
    <datafield ind1=" " ind2=" " tag="PER">
      <subfield code="9">(DE-588)158500547</subfield>
    </datafield>
    <datafield ind1=" " ind2=" " tag="PER">
      <subfield code="9">(DE-588)15858855X</subfield>
    </datafield>
    <datafield ind1=" " ind2=" " tag="AVA">
      <subfield code="a">AKW50</subfield>
      <subfield code="b">XAW1</subfield>
      <subfield code="c">Hauptmagazin</subfield>
      <subfield code="d">B42374</subfield>
      <subfield code="e">available</subfield>
      <subfield code="t">Verf&#xFC;gbar</subfield>
      <subfield code="f">1</subfield>
      <subfield code="g">0</subfield>
      <subfield code="h">N</subfield>
      <subfield code="i">0</subfield>
      <subfield code="j">MAG1</subfield>
    </datafield>
    <datafield ind1="-" ind2="1" tag="Z30">
      <subfield code="1">XAW1</subfield>
      <subfield code="2">MAG1</subfield>
      <subfield code="3">B42374</subfield>
    </datafield>
  </record>