
  <record>
    <leader>-----nM2.01200024------h</leader>
    <controlfield tag="LDR">-----nM2.01200024------h</controlfield>
    <controlfield tag="FMT">MH</controlfield>
    <datafield ind1="-" ind2="1" tag="001">
      <subfield code="a">AC10097983</subfield>
    </datafield>
    <datafield ind1="-" ind2="1" tag="029">
      <subfield code="a">LZ01425897</subfield>
    </datafield>
    <controlfield tag="030">u|1uf||||||17</controlfield>
    <datafield ind1="b" ind2="1" tag="037">
      <subfield code="a">fre</subfield>
    </datafield>
    <controlfield tag="050">a|a|||||||||||</controlfield>
    <controlfield tag="051">m|||||||</controlfield>
    <datafield ind1="a" ind2="1" tag="070">
      <subfield code="a">ONB-AK-RETRO</subfield>
    </datafield>
    <datafield ind1="-" ind2="1" tag="100">
      <subfield code="p">Marat, Jean-Paul</subfield>
      <subfield code="d">1743-1793</subfield>
      <subfield code="9">(DE-588)118577441</subfield>
    </datafield>
    <datafield ind1="b" ind2="1" tag="104">
      <subfield code="a">Vellay, Charles</subfield>
      <subfield code="b">[Hrsg.]</subfield>
    </datafield>
    <datafield ind1="-" ind2="1" tag="331">
      <subfield code="a">&lt;&lt;Les&gt;&gt; pamphlets</subfield>
    </datafield>
    <datafield ind1="-" ind2="1" tag="359">
      <subfield code="a">Jean-Paul Marat. Avec une introduction et des notes par Charles Vellay</subfield>
    </datafield>
    <datafield ind1="-" ind2="1" tag="410">
      <subfield code="a">Paris</subfield>
    </datafield>
    <datafield ind1="-" ind2="1" tag="412">
      <subfield code="a">Charpentier et Fasquelle</subfield>
    </datafield>
    <datafield ind1="a" ind2="1" tag="425">
      <subfield code="a">1911</subfield>
    </datafield>
    <datafield ind1="-" ind2="1" tag="433">
      <subfield code="a">XIV, 351 S.</subfield>
    </datafield>
    <datafield ind1="x" ind2="1" tag="655">
      <subfield code="u">http://data.onb.ac.at/imgk/AZ00619322SZ00350022</subfield>
      <subfield code="z">Zettel</subfield>
    </datafield>
    <datafield ind1="x" ind2="1" tag="700">
      <subfield code="a">320 Politikwissenschaft, Politik</subfield>
      <subfield code="c">22</subfield>
    </datafield>
    <datafield ind1="x" ind2="1" tag="700">
      <subfield code="a">944 Geschichte Frankreich</subfield>
      <subfield code="c">22</subfield>
    </datafield>
    <datafield ind1="-" ind2="1" tag="902">
      <subfield code="s">Franz&#xF6;sische Revolution</subfield>
      <subfield code="9">(DE-588)4018183-2</subfield>
    </datafield>
    <datafield ind1="-" ind2="1" tag="902">
      <subfield code="f">Aufsatzsammlung</subfield>
    </datafield>
    <controlfield tag="SYS">000438237</controlfield>
    <datafield ind1=" " ind2=" " tag="PER">
      <subfield code="p">Bon-Sens</subfield>
      <subfield code="d">1743-1793</subfield>
      <subfield code="9">(DE-588)118577441</subfield>
    </datafield>
    <datafield ind1=" " ind2=" " tag="PER">
      <subfield code="p">Marat, Jean P.</subfield>
      <subfield code="d">1743-1793</subfield>
      <subfield code="9">(DE-588)118577441</subfield>
    </datafield>
    <datafield ind1=" " ind2=" " tag="PER">
      <subfield code="p">Marat, J.-P.</subfield>
      <subfield code="d">1743-1793</subfield>
      <subfield code="9">(DE-588)118577441</subfield>
    </datafield>
    <datafield ind1=" " ind2=" " tag="PER">
      <subfield code="p">Marat, ...</subfield>
      <subfield code="d">1743-1793</subfield>
      <subfield code="9">(DE-588)118577441</subfield>
    </datafield>
    <datafield ind1=" " ind2=" " tag="PER">
      <subfield code="p">Marat, Jean Paul</subfield>
      <subfield code="d">1743-1793</subfield>
      <subfield code="9">(DE-588)118577441</subfield>
    </datafield>
    <datafield ind1=" " ind2=" " tag="PER">
      <subfield code="p">Bon-Sens</subfield>
      <subfield code="d">1743-1793</subfield>
      <subfield code="9">(DE-588)118577441</subfield>
    </datafield>
    <datafield ind1=" " ind2=" " tag="PER">
      <subfield code="p">Marat, Jean P.</subfield>
      <subfield code="d">1743-1793</subfield>
      <subfield code="9">(DE-588)118577441</subfield>
    </datafield>
    <datafield ind1=" " ind2=" " tag="PER">
      <subfield code="p">Marat, J.-P.</subfield>
      <subfield code="d">1743-1793</subfield>
      <subfield code="9">(DE-588)118577441</subfield>
    </datafield>
    <datafield ind1=" " ind2=" " tag="PER">
      <subfield code="p">Marat, ...</subfield>
      <subfield code="d">1743-1793</subfield>
      <subfield code="9">(DE-588)118577441</subfield>
    </datafield>
    <datafield ind1=" " ind2=" " tag="PER">
      <subfield code="p">Marat, Jean Paul</subfield>
      <subfield code="d">1743-1793</subfield>
      <subfield code="9">(DE-588)118577441</subfield>
    </datafield>
    <datafield ind1=" " ind2=" " tag="SWD">
      <subfield code="s">Revolution</subfield>
      <subfield code="h">1789</subfield>
      <subfield code="9">(DE-588)4018183-2</subfield>
    </datafield>
    <datafield ind1=" " ind2=" " tag="SWD">
      <subfield code="s">Revolution in Frankreich</subfield>
      <subfield code="h">1789</subfield>
      <subfield code="9">(DE-588)4018183-2</subfield>
    </datafield>
    <datafield ind1=" " ind2=" " tag="SWD">
      <subfield code="s">Revolution</subfield>
      <subfield code="h">1789</subfield>
      <subfield code="9">(DE-588)4018183-2</subfield>
    </datafield>
    <datafield ind1=" " ind2=" " tag="SWD">
      <subfield code="s">Revolution in Frankreich</subfield>
      <subfield code="h">1789</subfield>
      <subfield code="9">(DE-588)4018183-2</subfield>
    </datafield>
    <datafield ind1=" " ind2=" " tag="AVA">
      <subfield code="a">AKW50</subfield>
      <subfield code="b">XAW1</subfield>
      <subfield code="c">Magazin 1</subfield>
      <subfield code="d">B61050</subfield>
      <subfield code="e">available</subfield>
      <subfield code="t">Verf&#xFC;gbar</subfield>
      <subfield code="f">1</subfield>
      <subfield code="g">0</subfield>
      <subfield code="h">N</subfield>
      <subfield code="i">0</subfield>
      <subfield code="j">MAG1</subfield>
    </datafield>
    <datafield ind1="-" ind2="1" tag="Z30">
      <subfield code="1">XAW1</subfield>
      <subfield code="2">MAG1</subfield>
      <subfield code="3">B61050</subfield>
    </datafield>
  </record>