
  <record>
    <leader>00000nM2.01200024------h</leader>
    <controlfield tag="LDR">00000nM2.01200024------h</controlfield>
    <controlfield tag="FMT">MH</controlfield>
    <datafield ind1="-" ind2="1" tag="001">
      <subfield code="a">AC12195831</subfield>
    </datafield>
    <datafield ind1="b" ind2="1" tag="002">
      <subfield code="a">20150226</subfield>
    </datafield>
    <datafield ind1="-" ind2="1" tag="003">
      <subfield code="a">20150610</subfield>
    </datafield>
    <datafield ind1="a" ind2="1" tag="020">
      <subfield code="a">1061148807</subfield>
      <subfield code="b">DNB</subfield>
    </datafield>
    <datafield ind1="a" ind2="1" tag="025">
      <subfield code="a">1061148807</subfield>
    </datafield>
    <datafield ind1="-" ind2="1" tag="026">
      <subfield code="a">DNB1061148807</subfield>
    </datafield>
    <controlfield tag="030">f||da||||||17</controlfield>
    <datafield ind1="a" ind2="1" tag="036">
      <subfield code="a">XA-DE-HE</subfield>
    </datafield>
    <datafield ind1="b" ind2="1" tag="037">
      <subfield code="a">ger</subfield>
    </datafield>
    <controlfield tag="050">a|a|||||||||||</controlfield>
    <controlfield tag="051">mu||||||</controlfield>
    <datafield ind1="-" ind2="1" tag="070">
      <subfield code="a">UBS</subfield>
    </datafield>
    <datafield ind1="a" ind2="1" tag="070">
      <subfield code="a">DNB</subfield>
    </datafield>
    <datafield ind1="b" ind2="1" tag="070">
      <subfield code="a">UBS</subfield>
    </datafield>
    <datafield ind1="s" ind2="1" tag="076">
      <subfield code="a">09</subfield>
    </datafield>
    <datafield ind1="-" ind2="1" tag="100">
      <subfield code="p">Wassermann, Felix</subfield>
      <subfield code="d">1977-</subfield>
      <subfield code="9">(DE-588)1070590673</subfield>
    </datafield>
    <datafield ind1="-" ind2="1" tag="331">
      <subfield code="a">Asymmetrische Kriege</subfield>
    </datafield>
    <datafield ind1="-" ind2="1" tag="335">
      <subfield code="a">eine politiktheoretische Untersuchung zur Kriegf&#xFC;hrung im 21. Jahrhundert</subfield>
    </datafield>
    <datafield ind1="-" ind2="1" tag="359">
      <subfield code="a">Felix Wassermann</subfield>
    </datafield>
    <datafield ind1="-" ind2="1" tag="410">
      <subfield code="a">Frankfurt am Main [u.a.]</subfield>
    </datafield>
    <datafield ind1="-" ind2="1" tag="412">
      <subfield code="a">Campus-Verl.</subfield>
    </datafield>
    <datafield ind1="a" ind2="1" tag="425">
      <subfield code="a">2015</subfield>
    </datafield>
    <datafield ind1="-" ind2="1" tag="433">
      <subfield code="a">357 S.</subfield>
    </datafield>
    <datafield ind1="-" ind2="1" tag="435">
      <subfield code="a">22 cm</subfield>
    </datafield>
    <datafield ind1="-" ind2="1" tag="519">
      <subfield code="a">Zugl.: Berlin, Humboldt-Univ., Diss., 2014</subfield>
    </datafield>
    <datafield ind1="a" ind2="1" tag="540">
      <subfield code="a">978-3-593-50314-1</subfield>
      <subfield code="b">kart. : ca. EUR 29.90 (DE), ca. EUR 30.80 (AT), ca. sfr 40.00 (freier Pr.)</subfield>
    </datafield>
    <datafield ind1="a" ind2="1" tag="540">
      <subfield code="a">3-593-50314-X</subfield>
    </datafield>
    <datafield ind1="a" ind2="1" tag="553">
      <subfield code="a">9783593503141</subfield>
    </datafield>
    <datafield ind1="e" ind2="1" tag="655">
      <subfield code="m">B:DE-101</subfield>
      <subfield code="q">application/pdf</subfield>
      <subfield code="u">http://d-nb.info/1061148807/04</subfield>
      <subfield code="x">DNB-TOC</subfield>
      <subfield code="3">Inhaltsverzeichnis</subfield>
      <subfield code="A">2</subfield>
    </datafield>
    <datafield ind1="e" ind2="1" tag="655">
      <subfield code="m">V:AT-OBV;B:AT-UBG</subfield>
      <subfield code="q">text/plain</subfield>
      <subfield code="u">http://media.obvsg.at/AC12195831-3401</subfield>
      <subfield code="x">UBG</subfield>
      <subfield code="3">Klappentext</subfield>
      <subfield code="A">2</subfield>
    </datafield>
    <datafield ind1="e" ind2="1" tag="655">
      <subfield code="m">V:AT-OBV;B:AT-UBG</subfield>
      <subfield code="q">image/jpeg</subfield>
      <subfield code="u">http://media.obvsg.at/AC12195831-4001</subfield>
      <subfield code="x">UBG</subfield>
      <subfield code="3">Umschlagbild</subfield>
      <subfield code="A">2</subfield>
    </datafield>
    <datafield ind1="x" ind2="1" tag="700">
      <subfield code="a">350 &#xD6;ffentliche Verwaltung, Landesverteidigung</subfield>
      <subfield code="c">22</subfield>
    </datafield>
    <datafield ind1="-" ind2="1" tag="700">
      <subfield code="a">320</subfield>
      <subfield code="2">DNB</subfield>
    </datafield>
    <datafield ind1="f" ind2="1" tag="700">
      <subfield code="a">89.83</subfield>
      <subfield code="b">Kriegf&#xFC;hrung</subfield>
    </datafield>
    <datafield ind1="a" ind2="1" tag="705">
      <subfield code="a">355.0201</subfield>
      <subfield code="c">355.02</subfield>
      <subfield code="e">DDC22ger</subfield>
      <subfield code="f">01</subfield>
    </datafield>
    <datafield ind1="-" ind2="1" tag="720">
      <subfield code="a">Paperback / softback</subfield>
      <subfield code="2">Produktform</subfield>
    </datafield>
    <datafield ind1="-" ind2="1" tag="720">
      <subfield code="a">Amerika</subfield>
    </datafield>
    <datafield ind1="-" ind2="1" tag="720">
      <subfield code="a">Krieg</subfield>
    </datafield>
    <datafield ind1="-" ind2="1" tag="720">
      <subfield code="a">Krieg,asymmetrischer</subfield>
    </datafield>
    <datafield ind1="-" ind2="1" tag="720">
      <subfield code="a">Kalter Krieg</subfield>
    </datafield>
    <datafield ind1="-" ind2="1" tag="720">
      <subfield code="a">11.September</subfield>
    </datafield>
    <datafield ind1="-" ind2="1" tag="720">
      <subfield code="a">Vietnamkrieg</subfield>
    </datafield>
    <datafield ind1="-" ind2="1" tag="720">
      <subfield code="a">Terroranschl&#xE4;ge</subfield>
    </datafield>
    <datafield ind1="-" ind2="1" tag="720">
      <subfield code="a">Politiktheorie</subfield>
    </datafield>
    <datafield ind1="-" ind2="1" tag="720">
      <subfield code="a">Staatenkrieg</subfield>
    </datafield>
    <datafield ind1="-" ind2="1" tag="720">
      <subfield code="a">Sicherheit</subfield>
    </datafield>
    <datafield ind1="-" ind2="1" tag="720">
      <subfield code="a">Frieden</subfield>
    </datafield>
    <datafield ind1="-" ind2="1" tag="720">
      <subfield code="a">Risiken</subfield>
    </datafield>
    <datafield ind1="-" ind2="1" tag="720">
      <subfield code="a">1733: Hardcover, Softcover / Politikwissenschaft/Politische Theorien, Ideengeschichte</subfield>
      <subfield code="2">VLB-WN</subfield>
    </datafield>
    <datafield ind1="-" ind2="1" tag="902">
      <subfield code="s">Asymmetrische Kriegf&#xFC;hrung</subfield>
      <subfield code="9">(DE-588)7593360-3</subfield>
    </datafield>
    <datafield ind1="-" ind2="1" tag="902">
      <subfield code="s">Politische Theorie</subfield>
      <subfield code="9">(DE-588)4046563-9</subfield>
    </datafield>
    <controlfield tag="SYS">000438344</controlfield>
    <datafield ind1=" " ind2=" " tag="BKL">
      <subfield code="a">Kriegf&#xFC;hrung</subfield>
    </datafield>
    <datafield ind1=" " ind2=" " tag="BKL">
      <subfield code="a">political science: international relations: military: conduct of war</subfield>
    </datafield>
    <datafield ind1=" " ind2=" " tag="BKL">
      <subfield code="a">conduct of war &lt;political science: international relations: military&gt;</subfield>
    </datafield>
    <datafield ind1=" " ind2=" " tag="BKL">
      <subfield code="a">Partisanen</subfield>
    </datafield>
    <datafield ind1=" " ind2=" " tag="BKL">
      <subfield code="a">Seekrieg</subfield>
    </datafield>
    <datafield ind1=" " ind2=" " tag="BKL">
      <subfield code="a">Guerilla</subfield>
    </datafield>
    <datafield ind1=" " ind2=" " tag="SWD">
      <subfield code="s">Asymmetric Warfare</subfield>
      <subfield code="9">(DE-588)7593360-3</subfield>
    </datafield>
    <datafield ind1=" " ind2=" " tag="SWD">
      <subfield code="s">Asymmetrischer Krieg</subfield>
      <subfield code="9">(DE-588)7593360-3</subfield>
    </datafield>
    <datafield ind1=" " ind2=" " tag="SWD">
      <subfield code="s">Asymmetric Warfare</subfield>
      <subfield code="9">(DE-588)7593360-3</subfield>
    </datafield>
    <datafield ind1=" " ind2=" " tag="SWD">
      <subfield code="s">Asymmetrischer Krieg</subfield>
      <subfield code="9">(DE-588)7593360-3</subfield>
    </datafield>
    <datafield ind1=" " ind2=" " tag="SWD">
      <subfield code="s">Politik</subfield>
      <subfield code="x">Theorie</subfield>
      <subfield code="9">(DE-588)4046563-9</subfield>
    </datafield>
    <datafield ind1=" " ind2=" " tag="SWD">
      <subfield code="s">Politiktheorie</subfield>
      <subfield code="9">(DE-588)4046563-9</subfield>
    </datafield>
    <datafield ind1=" " ind2=" " tag="SWD">
      <subfield code="s">Politische Theorien</subfield>
      <subfield code="9">(DE-588)4046563-9</subfield>
    </datafield>
    <datafield ind1=" " ind2=" " tag="SWD">
      <subfield code="s">Politik</subfield>
      <subfield code="x">Theorie</subfield>
      <subfield code="9">(DE-588)4046563-9</subfield>
    </datafield>
    <datafield ind1=" " ind2=" " tag="SWD">
      <subfield code="s">Politiktheorie</subfield>
      <subfield code="9">(DE-588)4046563-9</subfield>
    </datafield>
    <datafield ind1=" " ind2=" " tag="SWD">
      <subfield code="s">Politische Theorien</subfield>
      <subfield code="9">(DE-588)4046563-9</subfield>
    </datafield>
    <datafield ind1=" " ind2=" " tag="AVA">
      <subfield code="a">AKW50</subfield>
      <subfield code="b">XAW1</subfield>
      <subfield code="c">Lesesaal</subfield>
      <subfield code="e">available</subfield>
      <subfield code="t">Verf&#xFC;gbar</subfield>
      <subfield code="f">1</subfield>
      <subfield code="g">0</subfield>
      <subfield code="h">N</subfield>
      <subfield code="i">0</subfield>
      <subfield code="j">L</subfield>
    </datafield>
    <datafield ind1="-" ind2="1" tag="Z30">
      <subfield code="1">XAW1</subfield>
      <subfield code="2">L</subfield>
      <subfield code="9">350</subfield>
      <subfield code="g">48060</subfield>
    </datafield>
  </record>