
  <record>
    <leader>00953nM2.01200024------h</leader>
    <controlfield tag="LDR">00953nM2.01200024------h</controlfield>
    <controlfield tag="FMT">MH</controlfield>
    <datafield ind1="-" ind2="1" tag="001">
      <subfield code="a">AC12277056</subfield>
    </datafield>
    <datafield ind1="b" ind2="1" tag="002">
      <subfield code="a">20150519</subfield>
    </datafield>
    <datafield ind1="a" ind2="1" tag="025">
      <subfield code="a">1068955511</subfield>
    </datafield>
    <controlfield tag="030">a||da||||||17</controlfield>
    <datafield ind1="a" ind2="1" tag="036">
      <subfield code="a">XA-DE-NW</subfield>
    </datafield>
    <datafield ind1="b" ind2="1" tag="037">
      <subfield code="a">ger</subfield>
    </datafield>
    <controlfield tag="050">a|a|||||||||||</controlfield>
    <controlfield tag="051">su||||||</controlfield>
    <datafield ind1="s" ind2="1" tag="076">
      <subfield code="a">07</subfield>
    </datafield>
    <datafield ind1="-" ind2="1" tag="100">
      <subfield code="p">Neuhoff, Katja</subfield>
      <subfield code="d">1972-</subfield>
      <subfield code="9">(DE-588)1072378523</subfield>
    </datafield>
    <datafield ind1="-" ind2="1" tag="331">
      <subfield code="a">Bildung als Menschenrecht</subfield>
    </datafield>
    <datafield ind1="-" ind2="1" tag="335">
      <subfield code="a">systematische Anfragen an die Umsetzung in Deutschland</subfield>
    </datafield>
    <datafield ind1="-" ind2="1" tag="359">
      <subfield code="a">Katja Neuhoff</subfield>
    </datafield>
    <datafield ind1="-" ind2="1" tag="410">
      <subfield code="a">Bielefeld</subfield>
    </datafield>
    <datafield ind1="-" ind2="1" tag="412">
      <subfield code="a">Bertelsmann</subfield>
    </datafield>
    <datafield ind1="a" ind2="1" tag="425">
      <subfield code="a">2015</subfield>
    </datafield>
    <datafield ind1="-" ind2="1" tag="433">
      <subfield code="a">359 S.</subfield>
    </datafield>
    <datafield ind1="-" ind2="1" tag="435">
      <subfield code="a">24 cm</subfield>
    </datafield>
    <datafield ind1="-" ind2="1" tag="451">
      <subfield code="a">Forum Bildungsethik ; 12</subfield>
    </datafield>
    <datafield ind1="r" ind2="1" tag="453">
      <subfield code="a">AC07700173</subfield>
    </datafield>
    <datafield ind1="c" ind2="1" tag="454">
      <subfield code="a">Forum Bildungsethik</subfield>
    </datafield>
    <datafield ind1="-" ind2="1" tag="455">
      <subfield code="a">12</subfield>
    </datafield>
    <datafield ind1="-" ind2="1" tag="456">
      <subfield code="a">12</subfield>
    </datafield>
    <datafield ind1="-" ind2="1" tag="519">
      <subfield code="a">Zugl.: Erlangen, N&#xFC;rnberg, Univ., Diss., 2013 u.d.T.: Neuhoff, Katja: Das Menschenrecht auf Bildung in Deutschland</subfield>
    </datafield>
    <datafield ind1="a" ind2="1" tag="540">
      <subfield code="a">978-3-7639-5511-4</subfield>
      <subfield code="b">Pb. : EUR 34.90 (DE), EUR 35.90 (AT), sfr 46.90 (freier Pr.)</subfield>
    </datafield>
    <datafield ind1="a" ind2="1" tag="540">
      <subfield code="a">978-3-7639-5512-1</subfield>
      <subfield code="b">(E-Book)</subfield>
    </datafield>
    <datafield ind1="a" ind2="1" tag="551">
      <subfield code="a">Best.-Nr.: 6001837</subfield>
    </datafield>
    <datafield ind1="e" ind2="1" tag="655">
      <subfield code="m">B:DE-101</subfield>
      <subfield code="q">application/pdf</subfield>
      <subfield code="u">http://d-nb.info/1068955511/04</subfield>
      <subfield code="x">DNB-TOC</subfield>
      <subfield code="3">Inhaltsverzeichnis</subfield>
      <subfield code="A">2</subfield>
    </datafield>
    <datafield ind1="e" ind2="1" tag="655">
      <subfield code="m">X:MVB</subfield>
      <subfield code="q">text/html</subfield>
      <subfield code="u">http://deposit.d-nb.de/cgi-bin/dokserv?id=5190165&amp;prov=M&amp;dok_var=1&amp;dok_ext=htm</subfield>
      <subfield code="3">Inhaltstext</subfield>
      <subfield code="A">2</subfield>
    </datafield>
    <datafield ind1="x" ind2="1" tag="700">
      <subfield code="a">370 Erziehung, Schulwesen, Bildungswesen</subfield>
      <subfield code="c">22</subfield>
    </datafield>
    <datafield ind1="b" ind2="1" tag="700">
      <subfield code="a">379.260943</subfield>
      <subfield code="c">22ger</subfield>
      <subfield code="z">DNB</subfield>
    </datafield>
    <datafield ind1="d" ind2="1" tag="700">
      <subfield code="a">370</subfield>
    </datafield>
    <datafield ind1="f" ind2="1" tag="700">
      <subfield code="a">81.21</subfield>
      <subfield code="b">Soziale Ungleichheit im Bildungswesen</subfield>
    </datafield>
    <datafield ind1="f" ind2="1" tag="700">
      <subfield code="a">86.85</subfield>
      <subfield code="b">Menschenrechte</subfield>
    </datafield>
    <datafield ind1="g" ind2="1" tag="700">
      <subfield code="a">DI 1000</subfield>
    </datafield>
    <datafield ind1="-" ind2="1" tag="720">
      <subfield code="a">Paperback / softback</subfield>
    </datafield>
    <datafield ind1="-" ind2="1" tag="720">
      <subfield code="a">Benachteiligte</subfield>
    </datafield>
    <datafield ind1="-" ind2="1" tag="720">
      <subfield code="a">Bildungsgerechtigkeit</subfield>
    </datafield>
    <datafield ind1="-" ind2="1" tag="720">
      <subfield code="a">Migranten</subfield>
    </datafield>
    <datafield ind1="-" ind2="1" tag="720">
      <subfield code="a">Sozialethik</subfield>
    </datafield>
    <datafield ind1="-" ind2="1" tag="720">
      <subfield code="a">1572: Hardcover, Softcover / P&#xE4;dagogik/Bildungswesen</subfield>
    </datafield>
    <datafield ind1="-" ind2="1" tag="902">
      <subfield code="g">Deutschland</subfield>
      <subfield code="9">(DE-588)4011882-4</subfield>
    </datafield>
    <datafield ind1="-" ind2="1" tag="902">
      <subfield code="s">Recht auf Bildung</subfield>
      <subfield code="9">(DE-588)4177178-3</subfield>
    </datafield>
    <datafield ind1="-" ind2="1" tag="902">
      <subfield code="s">Bildungspolitik</subfield>
      <subfield code="9">(DE-588)4006667-8</subfield>
    </datafield>
    <datafield ind1="-" ind2="1" tag="907">
      <subfield code="g">Deutschland</subfield>
      <subfield code="9">(DE-588)4011882-4</subfield>
    </datafield>
    <datafield ind1="-" ind2="1" tag="907">
      <subfield code="s">Recht auf Bildung</subfield>
      <subfield code="9">(DE-588)4177178-3</subfield>
    </datafield>
    <datafield ind1="-" ind2="1" tag="907">
      <subfield code="s">Chancengleichheit</subfield>
      <subfield code="9">(DE-588)4009736-5</subfield>
    </datafield>
    <datafield ind1="-" ind2="1" tag="907">
      <subfield code="s">Kritik</subfield>
      <subfield code="9">(DE-588)4033229-9</subfield>
    </datafield>
    <controlfield tag="SYS">000438994</controlfield>
    <datafield ind1=" " ind2=" " tag="BKL">
      <subfield code="a">Soziale Ungleichheit im Bildungswesen</subfield>
    </datafield>
    <datafield ind1=" " ind2=" " tag="BKL">
      <subfield code="a">sociology of education: social inequality in education</subfield>
    </datafield>
    <datafield ind1=" " ind2=" " tag="BKL">
      <subfield code="a">social inequality in education &lt;sociology of education&gt;</subfield>
    </datafield>
    <datafield ind1=" " ind2=" " tag="BKL">
      <subfield code="a">Menschenrechte</subfield>
    </datafield>
    <datafield ind1=" " ind2=" " tag="BKL">
      <subfield code="a">international law: human rights</subfield>
    </datafield>
    <datafield ind1=" " ind2=" " tag="BKL">
      <subfield code="a">human rights &lt;international law&gt;</subfield>
    </datafield>
    <datafield ind1=" " ind2=" " tag="SWD">
      <subfield code="s">Chancenungleichheit</subfield>
      <subfield code="9">(DE-588)4009736-5</subfield>
    </datafield>
    <datafield ind1=" " ind2=" " tag="SWD">
      <subfield code="g">Deutsches Reich</subfield>
      <subfield code="9">(DE-588)4011882-4</subfield>
    </datafield>
    <datafield ind1=" " ind2=" " tag="SWD">
      <subfield code="g">Deutsche L&#xE4;nder</subfield>
      <subfield code="9">(DE-588)4011882-4</subfield>
    </datafield>
    <datafield ind1=" " ind2=" " tag="SWD">
      <subfield code="g">Sacrum Romanum Imperium</subfield>
      <subfield code="9">(DE-588)4011882-4</subfield>
    </datafield>
    <datafield ind1=" " ind2=" " tag="SWD">
      <subfield code="g">R&#xF6;misch-Deutsches Reich</subfield>
      <subfield code="9">(DE-588)4011882-4</subfield>
    </datafield>
    <datafield ind1=" " ind2=" " tag="SWD">
      <subfield code="g">Deutschland</subfield>
      <subfield code="h">Gebiet unter Alliierter Besatzung</subfield>
      <subfield code="9">(DE-588)4011882-4</subfield>
    </datafield>
    <datafield ind1=" " ind2=" " tag="SWD">
      <subfield code="g">Deutschland</subfield>
      <subfield code="h">Bundesrepublik, 1990-</subfield>
      <subfield code="9">(DE-588)4011882-4</subfield>
    </datafield>
    <datafield ind1=" " ind2=" " tag="SWD">
      <subfield code="g">BRD</subfield>
      <subfield code="h">1990-</subfield>
      <subfield code="9">(DE-588)4011882-4</subfield>
    </datafield>
    <datafield ind1=" " ind2=" " tag="SWD">
      <subfield code="g">Heiliges R&#xF6;misches Reich deutscher Nation</subfield>
      <subfield code="9">(DE-588)4011882-4</subfield>
    </datafield>
    <datafield ind1=" " ind2=" " tag="SWD">
      <subfield code="g">Germany</subfield>
      <subfield code="h">Deutschland</subfield>
      <subfield code="9">(DE-588)4011882-4</subfield>
    </datafield>
    <datafield ind1=" " ind2=" " tag="SWD">
      <subfield code="s">Lebenslanges Lernen</subfield>
      <subfield code="x">Grundrecht</subfield>
      <subfield code="9">(DE-588)4177178-3</subfield>
    </datafield>
    <datafield ind1=" " ind2=" " tag="SWD">
      <subfield code="s">Bildung</subfield>
      <subfield code="x">Grundrecht</subfield>
      <subfield code="9">(DE-588)4177178-3</subfield>
    </datafield>
    <datafield ind1=" " ind2=" " tag="SWD">
      <subfield code="s">Erziehungspolitik</subfield>
      <subfield code="h">Bildungspolitik</subfield>
      <subfield code="9">(DE-588)4006667-8</subfield>
    </datafield>
    <datafield ind1=" " ind2=" " tag="SWD">
      <subfield code="g">Deutsches Reich</subfield>
      <subfield code="9">(DE-588)4011882-4</subfield>
    </datafield>
    <datafield ind1=" " ind2=" " tag="SWD">
      <subfield code="g">Deutsche L&#xE4;nder</subfield>
      <subfield code="9">(DE-588)4011882-4</subfield>
    </datafield>
    <datafield ind1=" " ind2=" " tag="SWD">
      <subfield code="g">Sacrum Romanum Imperium</subfield>
      <subfield code="9">(DE-588)4011882-4</subfield>
    </datafield>
    <datafield ind1=" " ind2=" " tag="SWD">
      <subfield code="g">R&#xF6;misch-Deutsches Reich</subfield>
      <subfield code="9">(DE-588)4011882-4</subfield>
    </datafield>
    <datafield ind1=" " ind2=" " tag="SWD">
      <subfield code="g">Deutschland</subfield>
      <subfield code="h">Gebiet unter Alliierter Besatzung</subfield>
      <subfield code="9">(DE-588)4011882-4</subfield>
    </datafield>
    <datafield ind1=" " ind2=" " tag="SWD">
      <subfield code="g">Deutschland</subfield>
      <subfield code="h">Bundesrepublik, 1990-</subfield>
      <subfield code="9">(DE-588)4011882-4</subfield>
    </datafield>
    <datafield ind1=" " ind2=" " tag="SWD">
      <subfield code="g">BRD</subfield>
      <subfield code="h">1990-</subfield>
      <subfield code="9">(DE-588)4011882-4</subfield>
    </datafield>
    <datafield ind1=" " ind2=" " tag="SWD">
      <subfield code="g">Heiliges R&#xF6;misches Reich deutscher Nation</subfield>
      <subfield code="9">(DE-588)4011882-4</subfield>
    </datafield>
    <datafield ind1=" " ind2=" " tag="SWD">
      <subfield code="g">Germany</subfield>
      <subfield code="h">Deutschland</subfield>
      <subfield code="9">(DE-588)4011882-4</subfield>
    </datafield>
    <datafield ind1=" " ind2=" " tag="SWD">
      <subfield code="s">Lebenslanges Lernen</subfield>
      <subfield code="x">Grundrecht</subfield>
      <subfield code="9">(DE-588)4177178-3</subfield>
    </datafield>
    <datafield ind1=" " ind2=" " tag="SWD">
      <subfield code="s">Bildung</subfield>
      <subfield code="x">Grundrecht</subfield>
      <subfield code="9">(DE-588)4177178-3</subfield>
    </datafield>
    <datafield ind1=" " ind2=" " tag="SWD">
      <subfield code="s">Erziehungspolitik</subfield>
      <subfield code="h">Bildungspolitik</subfield>
      <subfield code="9">(DE-588)4006667-8</subfield>
    </datafield>
    <datafield ind1=" " ind2=" " tag="SWD">
      <subfield code="s">Chancenungleichheit</subfield>
      <subfield code="9">(DE-588)4009736-5</subfield>
    </datafield>
    <datafield ind1=" " ind2=" " tag="AVA">
      <subfield code="a">AKW50</subfield>
      <subfield code="b">XAW1</subfield>
      <subfield code="c">Hauptmagazin</subfield>
      <subfield code="d">B153487</subfield>
      <subfield code="e">available</subfield>
      <subfield code="t">Verf&#xFC;gbar</subfield>
      <subfield code="f">1</subfield>
      <subfield code="g">0</subfield>
      <subfield code="h">N</subfield>
      <subfield code="i">0</subfield>
      <subfield code="j">MAG1</subfield>
    </datafield>
    <datafield ind1="-" ind2="1" tag="Z30">
      <subfield code="1">XAW1</subfield>
      <subfield code="2">MAG1</subfield>
      <subfield code="3">B153487</subfield>
      <subfield code="g">48133</subfield>
    </datafield>
  </record>