
  <record>
    <leader>00000nM2.01200024------h</leader>
    <controlfield tag="LDR">00000nM2.01200024------h</controlfield>
    <controlfield tag="FMT">MH</controlfield>
    <datafield ind1="-" ind2="1" tag="001">
      <subfield code="a">AC12371550</subfield>
    </datafield>
    <controlfield tag="030">a|1ucr|||||37</controlfield>
    <datafield ind1="a" ind2="1" tag="036">
      <subfield code="a">CH</subfield>
    </datafield>
    <datafield ind1="b" ind2="1" tag="037">
      <subfield code="a">fre</subfield>
      <subfield code="a">spa</subfield>
      <subfield code="a">eng</subfield>
      <subfield code="a">ger</subfield>
    </datafield>
    <controlfield tag="050">|||||cd|d||001</controlfield>
    <controlfield tag="051">m||||||2</controlfield>
    <datafield ind1="s" ind2="1" tag="076">
      <subfield code="a">48</subfield>
    </datafield>
    <datafield ind1="b" ind2="1" tag="100">
      <subfield code="p">Wicky, Jean-Claude</subfield>
      <subfield code="d">1946-</subfield>
      <subfield code="9">(DE-588)124196705</subfield>
      <subfield code="b">[Regie]</subfield>
    </datafield>
    <datafield ind1="-" ind2="1" tag="331">
      <subfield code="a">Tous les jours la nuit</subfield>
    </datafield>
    <datafield ind1="-" ind2="1" tag="334">
      <subfield code="a">Elektronische Ressource</subfield>
    </datafield>
    <datafield ind1="-" ind2="1" tag="335">
      <subfield code="a">Mineros en Bolivia</subfield>
    </datafield>
    <datafield ind1="a" ind2="1" tag="341">
      <subfield code="a">Every day is night</subfield>
    </datafield>
    <datafield ind1="a" ind2="1" tag="345">
      <subfield code="a">Alle Tage ist Nacht</subfield>
    </datafield>
    <datafield ind1="a" ind2="1" tag="349">
      <subfield code="a">Todos los dias la noche</subfield>
    </datafield>
    <datafield ind1="-" ind2="1" tag="359">
      <subfield code="a">un film de Jean-Claude Wicky</subfield>
    </datafield>
    <datafield ind1="-" ind2="1" tag="410">
      <subfield code="a">Moutier</subfield>
    </datafield>
    <datafield ind1="-" ind2="1" tag="412">
      <subfield code="a">Jean-Claude Wicky</subfield>
    </datafield>
    <datafield ind1="-" ind2="1" tag="425">
      <subfield code="a">&#xA9;2013</subfield>
    </datafield>
    <datafield ind1="a" ind2="1" tag="425">
      <subfield code="a">2013</subfield>
    </datafield>
    <datafield ind1="-" ind2="1" tag="511">
      <subfield code="a">Orig.: Suisse, 2010</subfield>
    </datafield>
    <datafield ind1="-" ind2="1" tag="516">
      <subfield code="a">Sprache: franz., span., engl., dt.</subfield>
    </datafield>
    <datafield ind1="-" ind2="1" tag="553">
      <subfield code="a">7629999021808</subfield>
    </datafield>
    <datafield ind1="a" ind2="1" tag="652">
      <subfield code="a">DVD-Video</subfield>
    </datafield>
    <datafield ind1="-" ind2="1" tag="653">
      <subfield code="a">1 DVD-Video (Regionalcode 0, 58 Min.)</subfield>
      <subfield code="c">s/w, farb., stereo, 16:9, Dolby Digital</subfield>
      <subfield code="d">12 cm</subfield>
    </datafield>
    <datafield ind1="x" ind2="1" tag="700">
      <subfield code="a">331.2 Arbeitsbedingungen, Arbeitszeit, L&#xF6;hne</subfield>
      <subfield code="c">22</subfield>
    </datafield>
    <datafield ind1="-" ind2="1" tag="902">
      <subfield code="g">Bolivien</subfield>
      <subfield code="9">(DE-588)4007607-6</subfield>
    </datafield>
    <datafield ind1="-" ind2="1" tag="902">
      <subfield code="s">Bergmann</subfield>
      <subfield code="9">(DE-588)4005674-0</subfield>
    </datafield>
    <datafield ind1="-" ind2="1" tag="902">
      <subfield code="s">Arbeitsbedingungen</subfield>
      <subfield code="9">(DE-588)4002641-3</subfield>
    </datafield>
    <datafield ind1="-" ind2="1" tag="902">
      <subfield code="f">DVD-Video</subfield>
    </datafield>
    <controlfield tag="SYS">000440739</controlfield>
    <datafield ind1=" " ind2=" " tag="SWD">
      <subfield code="g">Rep&#xFA;blica de Bolivia</subfield>
      <subfield code="9">(DE-588)4007607-6</subfield>
    </datafield>
    <datafield ind1=" " ind2=" " tag="SWD">
      <subfield code="g">Republik Bolivien</subfield>
      <subfield code="9">(DE-588)4007607-6</subfield>
    </datafield>
    <datafield ind1=" " ind2=" " tag="SWD">
      <subfield code="g">Estado Plurinacional de Bolivia</subfield>
      <subfield code="9">(DE-588)4007607-6</subfield>
    </datafield>
    <datafield ind1=" " ind2=" " tag="SWD">
      <subfield code="9">(DE-588)2005767-2</subfield>
    </datafield>
    <datafield ind1=" " ind2=" " tag="SWD">
      <subfield code="g">Bolivia</subfield>
      <subfield code="9">(DE-588)4007607-6</subfield>
    </datafield>
    <datafield ind1=" " ind2=" " tag="SWD">
      <subfield code="s">Bergarbeiter</subfield>
      <subfield code="9">(DE-588)4005674-0</subfield>
    </datafield>
    <datafield ind1=" " ind2=" " tag="SWD">
      <subfield code="s">Bergleute</subfield>
      <subfield code="9">(DE-588)4005674-0</subfield>
    </datafield>
    <datafield ind1=" " ind2=" " tag="SWD">
      <subfield code="s">Knappe</subfield>
      <subfield code="h">Bergmann</subfield>
      <subfield code="9">(DE-588)4005674-0</subfield>
    </datafield>
    <datafield ind1=" " ind2=" " tag="SWD">
      <subfield code="s">Minenarbeiter</subfield>
      <subfield code="9">(DE-588)4005674-0</subfield>
    </datafield>
    <datafield ind1=" " ind2=" " tag="SWD">
      <subfield code="s">Kumpel</subfield>
      <subfield code="h">Bergbau</subfield>
      <subfield code="9">(DE-588)4005674-0</subfield>
    </datafield>
    <datafield ind1=" " ind2=" " tag="SWD">
      <subfield code="s">Arbeitssituation</subfield>
      <subfield code="9">(DE-588)4002641-3</subfield>
    </datafield>
    <datafield ind1=" " ind2=" " tag="SWD">
      <subfield code="s">Arbeit</subfield>
      <subfield code="x">Bedingung</subfield>
      <subfield code="9">(DE-588)4002641-3</subfield>
    </datafield>
    <datafield ind1=" " ind2=" " tag="SWD">
      <subfield code="s">Arbeitsbedingung</subfield>
      <subfield code="9">(DE-588)4002641-3</subfield>
    </datafield>
    <datafield ind1=" " ind2=" " tag="SWD">
      <subfield code="g">Rep&#xFA;blica de Bolivia</subfield>
      <subfield code="9">(DE-588)4007607-6</subfield>
    </datafield>
    <datafield ind1=" " ind2=" " tag="SWD">
      <subfield code="g">Republik Bolivien</subfield>
      <subfield code="9">(DE-588)4007607-6</subfield>
    </datafield>
    <datafield ind1=" " ind2=" " tag="SWD">
      <subfield code="g">Estado Plurinacional de Bolivia</subfield>
      <subfield code="9">(DE-588)4007607-6</subfield>
    </datafield>
    <datafield ind1=" " ind2=" " tag="SWD">
      <subfield code="9">(DE-588)2005767-2</subfield>
    </datafield>
    <datafield ind1=" " ind2=" " tag="SWD">
      <subfield code="g">Bolivia</subfield>
      <subfield code="9">(DE-588)4007607-6</subfield>
    </datafield>
    <datafield ind1=" " ind2=" " tag="SWD">
      <subfield code="s">Bergarbeiter</subfield>
      <subfield code="9">(DE-588)4005674-0</subfield>
    </datafield>
    <datafield ind1=" " ind2=" " tag="SWD">
      <subfield code="s">Bergleute</subfield>
      <subfield code="9">(DE-588)4005674-0</subfield>
    </datafield>
    <datafield ind1=" " ind2=" " tag="SWD">
      <subfield code="s">Knappe</subfield>
      <subfield code="h">Bergmann</subfield>
      <subfield code="9">(DE-588)4005674-0</subfield>
    </datafield>
    <datafield ind1=" " ind2=" " tag="SWD">
      <subfield code="s">Minenarbeiter</subfield>
      <subfield code="9">(DE-588)4005674-0</subfield>
    </datafield>
    <datafield ind1=" " ind2=" " tag="SWD">
      <subfield code="s">Kumpel</subfield>
      <subfield code="h">Bergbau</subfield>
      <subfield code="9">(DE-588)4005674-0</subfield>
    </datafield>
    <datafield ind1=" " ind2=" " tag="SWD">
      <subfield code="s">Arbeitssituation</subfield>
      <subfield code="9">(DE-588)4002641-3</subfield>
    </datafield>
    <datafield ind1=" " ind2=" " tag="SWD">
      <subfield code="s">Arbeit</subfield>
      <subfield code="x">Bedingung</subfield>
      <subfield code="9">(DE-588)4002641-3</subfield>
    </datafield>
    <datafield ind1=" " ind2=" " tag="SWD">
      <subfield code="s">Arbeitsbedingung</subfield>
      <subfield code="9">(DE-588)4002641-3</subfield>
    </datafield>
    <datafield ind1=" " ind2=" " tag="AVA">
      <subfield code="a">AKW50</subfield>
      <subfield code="b">XAW1</subfield>
      <subfield code="c">DVD Sammlung Arbeit im Film</subfield>
      <subfield code="d">F148</subfield>
      <subfield code="e">available</subfield>
      <subfield code="t">Verf&#xFC;gbar</subfield>
      <subfield code="f">1</subfield>
      <subfield code="g">0</subfield>
      <subfield code="h">N</subfield>
      <subfield code="i">0</subfield>
      <subfield code="j">ZSF</subfield>
    </datafield>
    <datafield ind1="-" ind2="1" tag="Z30">
      <subfield code="1">XAW1</subfield>
      <subfield code="2">ZSF</subfield>
      <subfield code="3">F148</subfield>
    </datafield>
  </record>