
  <record>
    <leader>00797nM2.01200024------h</leader>
    <controlfield tag="LDR">00797nM2.01200024------h</controlfield>
    <controlfield tag="FMT">MH</controlfield>
    <datafield ind1="-" ind2="1" tag="001">
      <subfield code="a">AC02696100</subfield>
    </datafield>
    <datafield ind1="z" ind2="1" tag="025">
      <subfield code="a">ZDB-1190224-3</subfield>
    </datafield>
    <controlfield tag="030">bz1dc||z|||37</controlfield>
    <datafield ind1="a" ind2="1" tag="036">
      <subfield code="a">AA</subfield>
      <subfield code="a">CS</subfield>
    </datafield>
    <datafield ind1="b" ind2="1" tag="037">
      <subfield code="a">ger</subfield>
    </datafield>
    <controlfield tag="052">zup||||tzs|||||</controlfield>
    <datafield ind1="s" ind2="1" tag="076">
      <subfield code="a">37</subfield>
    </datafield>
    <datafield ind1="c" ind2="1" tag="078">
      <subfield code="a">aus</subfield>
    </datafield>
    <datafield ind1="p" ind2="1" tag="078">
      <subfield code="a">ZEIT*970414*03</subfield>
    </datafield>
    <datafield ind1="b" ind2="1" tag="086">
      <subfield code="a">D9637</subfield>
    </datafield>
    <datafield ind1="-" ind2="1" tag="331">
      <subfield code="a">Arbeiter-Presse</subfield>
    </datafield>
    <datafield ind1="-" ind2="1" tag="335">
      <subfield code="a">Zeitschrift f&#xFC;r die Interessen der Textilarbeiter und -arbeiterinnen ; Organ der Textilarbeiter &#xD6;sterreichs</subfield>
    </datafield>
    <datafield ind1="a" ind2="1" tag="370">
      <subfield code="a">Neue Arbeiter-Presse</subfield>
    </datafield>
    <datafield ind1="-" ind2="1" tag="405">
      <subfield code="a">1.1895,1(3.Jan.) - 5.1899,36(15.Dez.)</subfield>
    </datafield>
    <datafield ind1="-" ind2="1" tag="410">
      <subfield code="a">Reichenberg</subfield>
    </datafield>
    <datafield ind1="b" ind2="1" tag="425">
      <subfield code="a">1895</subfield>
    </datafield>
    <datafield ind1="c" ind2="1" tag="425">
      <subfield code="a">1899</subfield>
    </datafield>
    <datafield ind1="-" ind2="1" tag="501">
      <subfield code="a">Format: 2&#xB0;</subfield>
    </datafield>
    <datafield ind1="-" ind2="1" tag="507">
      <subfield code="a">HST 4.1898,6(27.Mai): Neue Arbeiter-Presse</subfield>
    </datafield>
    <datafield ind1="-" ind2="1" tag="523">
      <subfield code="a">Erscheinungsweise: 2 x monatlich, ab 1898: 3 x monatlich. - Einzelne Nr. v. 1898 - 1899 auch als Jg. 1 bzw. 2 gez</subfield>
    </datafield>
    <datafield ind1="z" ind2="1" tag="532">
      <subfield code="p">Vorg. u. Forts.</subfield>
      <subfield code="a">&lt;&lt;Der&gt;&gt; Textilarbeiter</subfield>
      <subfield code="9">AC02855574</subfield>
    </datafield>
    <datafield ind1="b" ind2="1" tag="673">
      <subfield code="a">Reichenberg</subfield>
    </datafield>
    <datafield ind1="z" ind2="1" tag="700">
      <subfield code="a">950</subfield>
    </datafield>
    <datafield ind1="z" ind2="1" tag="700">
      <subfield code="a">z696</subfield>
    </datafield>
    <controlfield tag="SYS">000442093</controlfield>
    <datafield ind1=" " ind2="9" tag="071">
      <subfield code="a">AKW</subfield>
      <subfield code="2">XAW1</subfield>
    </datafield>
    <datafield ind1=" " ind2="9" tag="200">
      <subfield code="b">1896</subfield>
      <subfield code="f">D9637</subfield>
      <subfield code="2">AKW</subfield>
    </datafield>
    <datafield ind1=" " ind2="9" tag="NTU">
      <subfield code="a">FSW-Bestand</subfield>
      <subfield code="2">XAW1</subfield>
    </datafield>
    <datafield ind1=" " ind2="9" tag="OWN">
      <subfield code="a">XAW1</subfield>
    </datafield>
    <datafield ind1=" " ind2=" " tag="AVA">
      <subfield code="a">AKW50</subfield>
      <subfield code="b">XAW1</subfield>
      <subfield code="c">BP Magazin (l&#xE4;ngere Aushebezeiten)</subfield>
      <subfield code="d">D9637/1896</subfield>
      <subfield code="e">available</subfield>
      <subfield code="t">Verf&#xFC;gbar</subfield>
      <subfield code="f">1</subfield>
      <subfield code="g">0</subfield>
      <subfield code="h">Y</subfield>
      <subfield code="i">1</subfield>
      <subfield code="j">MAG4</subfield>
    </datafield>
    <datafield ind1="-" ind2="2" tag="Z30">
      <subfield code="1">XAW1</subfield>
      <subfield code="2">MAG4</subfield>
      <subfield code="3">D9637/1896</subfield>
      <subfield code="b">1896</subfield>
      <subfield code="h">2.1896</subfield>
    </datafield>
  </record>