
  <record>
    <leader>01661nM2.01200024------h</leader>
    <controlfield tag="LDR">01661nM2.01200024------h</controlfield>
    <controlfield tag="FMT">MH</controlfield>
    <datafield ind1="-" ind2="1" tag="001">
      <subfield code="a">AC12637491</subfield>
    </datafield>
    <controlfield tag="030">a|1uc||||||37</controlfield>
    <datafield ind1="a" ind2="1" tag="036">
      <subfield code="a">DE</subfield>
    </datafield>
    <datafield ind1="b" ind2="1" tag="037">
      <subfield code="a">ger</subfield>
    </datafield>
    <controlfield tag="050">|||||cd|d||001</controlfield>
    <controlfield tag="051">m||||||2</controlfield>
    <datafield ind1="b" ind2="1" tag="100">
      <subfield code="p">Wolf, Konrad</subfield>
      <subfield code="d">1925-1982</subfield>
      <subfield code="9">(DE-588)118634739</subfield>
      <subfield code="b">[Regie]</subfield>
    </datafield>
    <datafield ind1="b" ind2="1" tag="104">
      <subfield code="p">Egel, Karl Georg</subfield>
      <subfield code="d">1919-1995</subfield>
      <subfield code="9">(DE-588)105404101</subfield>
      <subfield code="b">[Drehbuch]</subfield>
    </datafield>
    <datafield ind1="b" ind2="1" tag="108">
      <subfield code="a">Wiens, Paul</subfield>
      <subfield code="b">[Drehbuch]</subfield>
    </datafield>
    <datafield ind1="b" ind2="1" tag="112">
      <subfield code="p">Germer, Ulrike</subfield>
      <subfield code="d">1935-</subfield>
      <subfield code="9">(DE-588)1061481727</subfield>
      <subfield code="b">[Darst.]</subfield>
    </datafield>
    <datafield ind1="b" ind2="1" tag="116">
      <subfield code="p">Simon, G&#xFC;nther</subfield>
      <subfield code="d">1925-1972</subfield>
      <subfield code="9">(DE-588)118765485</subfield>
      <subfield code="b">[Darst.]</subfield>
    </datafield>
    <datafield ind1="b" ind2="1" tag="120">
      <subfield code="p">Geschonneck, Erwin</subfield>
      <subfield code="d">1906-2008</subfield>
      <subfield code="9">(DE-588)118694391</subfield>
      <subfield code="b">[Darst.]</subfield>
    </datafield>
    <datafield ind1="-" ind2="1" tag="331">
      <subfield code="a">Sonnensucher</subfield>
    </datafield>
    <datafield ind1="-" ind2="1" tag="334">
      <subfield code="a">Elektronische Ressource</subfield>
    </datafield>
    <datafield ind1="-" ind2="1" tag="335">
      <subfield code="a">dramatischer Film &#xFC;ber Uranbergbau in der Wismut</subfield>
    </datafield>
    <datafield ind1="-" ind2="1" tag="359">
      <subfield code="a">Regie: Konrad Wolf. Drehbuch: Karl Georg Egel, Paul Wiens. Darst.: Ulrike Germer, G&#xFC;nther Simon, Erwin Geschonneck ...</subfield>
    </datafield>
    <datafield ind1="-" ind2="1" tag="410">
      <subfield code="a">Berlin</subfield>
    </datafield>
    <datafield ind1="-" ind2="1" tag="412">
      <subfield code="a">Icestorm Entertainment</subfield>
    </datafield>
    <datafield ind1="-" ind2="1" tag="425">
      <subfield code="a">[&#xA9;2015]</subfield>
    </datafield>
    <datafield ind1="a" ind2="1" tag="425">
      <subfield code="a">2015</subfield>
    </datafield>
    <datafield ind1="-" ind2="1" tag="511">
      <subfield code="p">Orig.:</subfield>
      <subfield code="a">DDR, &#xA9;1958</subfield>
    </datafield>
    <datafield ind1="-" ind2="1" tag="516">
      <subfield code="a">Sprache: dt.</subfield>
    </datafield>
    <datafield ind1="a" ind2="1" tag="517">
      <subfield code="p">Enth. au&#xDF;erdem</subfield>
      <subfield code="a">Extra: Trailer</subfield>
    </datafield>
    <datafield ind1="a" ind2="1" tag="551">
      <subfield code="a">19919</subfield>
    </datafield>
    <datafield ind1="-" ind2="1" tag="553">
      <subfield code="a">4028951199198</subfield>
    </datafield>
    <datafield ind1="a" ind2="1" tag="652">
      <subfield code="a">DVD-Video</subfield>
    </datafield>
    <datafield ind1="-" ind2="1" tag="653">
      <subfield code="a">1 DVD-Video (Regionalcode 0, PAL, ca. 111 Min.)</subfield>
      <subfield code="c">s/w, 4:3, Dolby Digital 2.0,</subfield>
      <subfield code="d">12 cm</subfield>
    </datafield>
    <datafield ind1="x" ind2="1" tag="700">
      <subfield code="a">331 Arbeit, Arbeitswissenschaft</subfield>
      <subfield code="c">22</subfield>
    </datafield>
    <datafield ind1="c" ind2="1" tag="750">
      <subfield code="a">Am Leben der Bergarbeiter der Wismut-AG im Erzgebirge wird die Situation der Nachkriegsjahre der DDR verdeutlicht. Die Zeit ist gepr&#xE4;gt von materiellen Schwierigkeiten, der Auseinandersetzung mit der Nazi-Vergangenheit, der Kooperation mit sowjetischen Fachleuten, der Suche nach neuen Standorten, nach Liebe und Gl&#xFC;ck. (Lexikon des Internationalen Films)</subfield>
    </datafield>
    <datafield ind1="-" ind2="1" tag="902">
      <subfield code="k">Wismut GmbH</subfield>
      <subfield code="9">(DE-588)2123696-3</subfield>
    </datafield>
    <datafield ind1="-" ind2="1" tag="902">
      <subfield code="f">Belletristische Darstellung</subfield>
    </datafield>
    <datafield ind1="-" ind2="1" tag="902">
      <subfield code="f">DVD-Video</subfield>
    </datafield>
    <datafield ind1="-" ind2="1" tag="907">
      <subfield code="g">Deutschland</subfield>
      <subfield code="h">DDR</subfield>
      <subfield code="9">(DE-588)4011890-3</subfield>
    </datafield>
    <datafield ind1="-" ind2="1" tag="907">
      <subfield code="s">Uranbergbau</subfield>
      <subfield code="9">(DE-588)4132253-8</subfield>
    </datafield>
    <datafield ind1="-" ind2="1" tag="907">
      <subfield code="z">Geschichte 1950</subfield>
    </datafield>
    <datafield ind1="-" ind2="1" tag="907">
      <subfield code="f">Belletristische Darstellung</subfield>
    </datafield>
    <datafield ind1="-" ind2="1" tag="907">
      <subfield code="f">DVD-Video</subfield>
    </datafield>
    <controlfield tag="SYS">000445205</controlfield>
    <datafield ind1=" " ind2=" " tag="PER">
      <subfield code="p">Egel-Wiens, ...</subfield>
      <subfield code="d">1919-1995</subfield>
      <subfield code="9">(DE-588)105404101</subfield>
    </datafield>
    <datafield ind1=" " ind2=" " tag="PER">
      <subfield code="p">Egel, Karl-Georg</subfield>
      <subfield code="d">1919-1995</subfield>
      <subfield code="9">(DE-588)105404101</subfield>
    </datafield>
    <datafield ind1=" " ind2=" " tag="PER">
      <subfield code="p">Egel, Karl G.</subfield>
      <subfield code="d">1919-1995</subfield>
      <subfield code="9">(DE-588)105404101</subfield>
    </datafield>
    <datafield ind1=" " ind2=" " tag="PER">
      <subfield code="p">Geschonnek, Erwin</subfield>
      <subfield code="d">1906-2008</subfield>
      <subfield code="9">(DE-588)118694391</subfield>
    </datafield>
    <datafield ind1=" " ind2=" " tag="PER">
      <subfield code="9">(DE-588)175638977</subfield>
    </datafield>
    <datafield ind1=" " ind2=" " tag="SWD">
      <subfield code="9">(DE-588)4289407-4</subfield>
    </datafield>
    <datafield ind1=" " ind2=" " tag="SWD">
      <subfield code="g">Ostzone</subfield>
      <subfield code="9">(DE-588)4011890-3</subfield>
    </datafield>
    <datafield ind1=" " ind2=" " tag="SWD">
      <subfield code="g">DDR</subfield>
      <subfield code="9">(DE-588)4011890-3</subfield>
    </datafield>
    <datafield ind1=" " ind2=" " tag="SWD">
      <subfield code="g">Deutsche Demokratische Republik</subfield>
      <subfield code="9">(DE-588)4011890-3</subfield>
    </datafield>
    <datafield ind1=" " ind2=" " tag="SWD">
      <subfield code="g">Mitteldeutschland</subfield>
      <subfield code="h">DDR</subfield>
      <subfield code="9">(DE-588)4011890-3</subfield>
    </datafield>
    <datafield ind1=" " ind2=" " tag="SWD">
      <subfield code="g">Ostdeutschland</subfield>
      <subfield code="h">DDR</subfield>
      <subfield code="9">(DE-588)4011890-3</subfield>
    </datafield>
    <datafield ind1=" " ind2=" " tag="SWD">
      <subfield code="9">(DE-588)2009177-1</subfield>
    </datafield>
    <datafield ind1=" " ind2=" " tag="SWD">
      <subfield code="g">Deutschland</subfield>
      <subfield code="h">1949-1990, DDR</subfield>
      <subfield code="9">(DE-588)4011890-3</subfield>
    </datafield>
    <datafield ind1=" " ind2=" " tag="SWD">
      <subfield code="g">German Democratic Republic</subfield>
      <subfield code="9">(DE-588)4011890-3</subfield>
    </datafield>
    <datafield ind1=" " ind2=" " tag="SWD">
      <subfield code="g">GDR</subfield>
      <subfield code="9">(DE-588)4011890-3</subfield>
    </datafield>
    <datafield ind1=" " ind2=" " tag="SWD">
      <subfield code="g">R&#xE9;publique D&#xE9;mocratique Allemande</subfield>
      <subfield code="9">(DE-588)4011890-3</subfield>
    </datafield>
    <datafield ind1=" " ind2=" " tag="SWD">
      <subfield code="g">RDA</subfield>
      <subfield code="9">(DE-588)4011890-3</subfield>
    </datafield>
    <datafield ind1=" " ind2=" " tag="SWD">
      <subfield code="g">Germanskaja Demokrati&#x10D;eskaja Respublika</subfield>
      <subfield code="9">(DE-588)4011890-3</subfield>
    </datafield>
    <datafield ind1=" " ind2=" " tag="SWD">
      <subfield code="g">Demokrati&#x10D;eskaja Respublika</subfield>
      <subfield code="h">Deutschland, DDR</subfield>
      <subfield code="9">(DE-588)4011890-3</subfield>
    </datafield>
    <datafield ind1=" " ind2=" " tag="SWD">
      <subfield code="g">Democratic Republic</subfield>
      <subfield code="h">Deutschland, DDR</subfield>
      <subfield code="9">(DE-588)4011890-3</subfield>
    </datafield>
    <datafield ind1=" " ind2=" " tag="SWD">
      <subfield code="g">Demokratische Republik</subfield>
      <subfield code="h">Deutschland, DDR</subfield>
      <subfield code="9">(DE-588)4011890-3</subfield>
    </datafield>
    <datafield ind1=" " ind2=" " tag="SWD">
      <subfield code="g">Niemiecka Republika Demokratyczna</subfield>
      <subfield code="9">(DE-588)4011890-3</subfield>
    </datafield>
    <datafield ind1=" " ind2=" " tag="SWD">
      <subfield code="g">NRD</subfield>
      <subfield code="9">(DE-588)4011890-3</subfield>
    </datafield>
    <datafield ind1=" " ind2=" " tag="SWD">
      <subfield code="g">&#x1E6;umh&#x16B;r&#x12B;yat Alm&#x101;niy&#x101; ad-D&#x12B;muqr&#x101;&#x1E6D;&#x12B;ya</subfield>
      <subfield code="9">(DE-588)4011890-3</subfield>
    </datafield>
    <datafield ind1=" " ind2=" " tag="SWD">
      <subfield code="g">Rep&#xFA;blica Democr&#xE1;tica Alemana</subfield>
      <subfield code="9">(DE-588)4011890-3</subfield>
    </datafield>
    <datafield ind1=" " ind2=" " tag="SWD">
      <subfield code="g">Saksan Demokraattisen Tasavallan</subfield>
      <subfield code="9">(DE-588)4011890-3</subfield>
    </datafield>
    <datafield ind1=" " ind2=" " tag="SWD">
      <subfield code="g">Repubblica Democratica Tedesca</subfield>
      <subfield code="9">(DE-588)4011890-3</subfield>
    </datafield>
    <datafield ind1=" " ind2=" " tag="SWD">
      <subfield code="s">Uran</subfield>
      <subfield code="x">Bergbau</subfield>
      <subfield code="9">(DE-588)4132253-8</subfield>
    </datafield>
    <datafield ind1=" " ind2=" " tag="SWD">
      <subfield code="s">Uranerz</subfield>
      <subfield code="x">Bergbau</subfield>
      <subfield code="9">(DE-588)4132253-8</subfield>
    </datafield>
    <datafield ind1=" " ind2=" " tag="PER">
      <subfield code="p">Egel-Wiens, ...</subfield>
      <subfield code="d">1919-1995</subfield>
      <subfield code="9">(DE-588)105404101</subfield>
    </datafield>
    <datafield ind1=" " ind2=" " tag="PER">
      <subfield code="p">Egel, Karl-Georg</subfield>
      <subfield code="d">1919-1995</subfield>
      <subfield code="9">(DE-588)105404101</subfield>
    </datafield>
    <datafield ind1=" " ind2=" " tag="PER">
      <subfield code="p">Egel, Karl G.</subfield>
      <subfield code="d">1919-1995</subfield>
      <subfield code="9">(DE-588)105404101</subfield>
    </datafield>
    <datafield ind1=" " ind2=" " tag="PER">
      <subfield code="p">Geschonnek, Erwin</subfield>
      <subfield code="d">1906-2008</subfield>
      <subfield code="9">(DE-588)118694391</subfield>
    </datafield>
    <datafield ind1=" " ind2=" " tag="PER">
      <subfield code="9">(DE-588)175638977</subfield>
    </datafield>
    <datafield ind1=" " ind2=" " tag="SWD">
      <subfield code="9">(DE-588)4289407-4</subfield>
    </datafield>
    <datafield ind1=" " ind2=" " tag="SWD">
      <subfield code="g">Ostzone</subfield>
      <subfield code="9">(DE-588)4011890-3</subfield>
    </datafield>
    <datafield ind1=" " ind2=" " tag="SWD">
      <subfield code="g">DDR</subfield>
      <subfield code="9">(DE-588)4011890-3</subfield>
    </datafield>
    <datafield ind1=" " ind2=" " tag="SWD">
      <subfield code="g">Deutsche Demokratische Republik</subfield>
      <subfield code="9">(DE-588)4011890-3</subfield>
    </datafield>
    <datafield ind1=" " ind2=" " tag="SWD">
      <subfield code="g">Mitteldeutschland</subfield>
      <subfield code="h">DDR</subfield>
      <subfield code="9">(DE-588)4011890-3</subfield>
    </datafield>
    <datafield ind1=" " ind2=" " tag="SWD">
      <subfield code="g">Ostdeutschland</subfield>
      <subfield code="h">DDR</subfield>
      <subfield code="9">(DE-588)4011890-3</subfield>
    </datafield>
    <datafield ind1=" " ind2=" " tag="SWD">
      <subfield code="9">(DE-588)2009177-1</subfield>
    </datafield>
    <datafield ind1=" " ind2=" " tag="SWD">
      <subfield code="g">Deutschland</subfield>
      <subfield code="h">1949-1990, DDR</subfield>
      <subfield code="9">(DE-588)4011890-3</subfield>
    </datafield>
    <datafield ind1=" " ind2=" " tag="SWD">
      <subfield code="g">German Democratic Republic</subfield>
      <subfield code="9">(DE-588)4011890-3</subfield>
    </datafield>
    <datafield ind1=" " ind2=" " tag="SWD">
      <subfield code="g">GDR</subfield>
      <subfield code="9">(DE-588)4011890-3</subfield>
    </datafield>
    <datafield ind1=" " ind2=" " tag="SWD">
      <subfield code="g">R&#xE9;publique D&#xE9;mocratique Allemande</subfield>
      <subfield code="9">(DE-588)4011890-3</subfield>
    </datafield>
    <datafield ind1=" " ind2=" " tag="SWD">
      <subfield code="g">RDA</subfield>
      <subfield code="9">(DE-588)4011890-3</subfield>
    </datafield>
    <datafield ind1=" " ind2=" " tag="SWD">
      <subfield code="g">Germanskaja Demokrati&#x10D;eskaja Respublika</subfield>
      <subfield code="9">(DE-588)4011890-3</subfield>
    </datafield>
    <datafield ind1=" " ind2=" " tag="SWD">
      <subfield code="g">Demokrati&#x10D;eskaja Respublika</subfield>
      <subfield code="h">Deutschland, DDR</subfield>
      <subfield code="9">(DE-588)4011890-3</subfield>
    </datafield>
    <datafield ind1=" " ind2=" " tag="SWD">
      <subfield code="g">Democratic Republic</subfield>
      <subfield code="h">Deutschland, DDR</subfield>
      <subfield code="9">(DE-588)4011890-3</subfield>
    </datafield>
    <datafield ind1=" " ind2=" " tag="SWD">
      <subfield code="g">Demokratische Republik</subfield>
      <subfield code="h">Deutschland, DDR</subfield>
      <subfield code="9">(DE-588)4011890-3</subfield>
    </datafield>
    <datafield ind1=" " ind2=" " tag="SWD">
      <subfield code="g">Niemiecka Republika Demokratyczna</subfield>
      <subfield code="9">(DE-588)4011890-3</subfield>
    </datafield>
    <datafield ind1=" " ind2=" " tag="SWD">
      <subfield code="g">NRD</subfield>
      <subfield code="9">(DE-588)4011890-3</subfield>
    </datafield>
    <datafield ind1=" " ind2=" " tag="SWD">
      <subfield code="g">&#x1E6;umh&#x16B;r&#x12B;yat Alm&#x101;niy&#x101; ad-D&#x12B;muqr&#x101;&#x1E6D;&#x12B;ya</subfield>
      <subfield code="9">(DE-588)4011890-3</subfield>
    </datafield>
    <datafield ind1=" " ind2=" " tag="SWD">
      <subfield code="g">Rep&#xFA;blica Democr&#xE1;tica Alemana</subfield>
      <subfield code="9">(DE-588)4011890-3</subfield>
    </datafield>
    <datafield ind1=" " ind2=" " tag="SWD">
      <subfield code="g">Saksan Demokraattisen Tasavallan</subfield>
      <subfield code="9">(DE-588)4011890-3</subfield>
    </datafield>
    <datafield ind1=" " ind2=" " tag="SWD">
      <subfield code="g">Repubblica Democratica Tedesca</subfield>
      <subfield code="9">(DE-588)4011890-3</subfield>
    </datafield>
    <datafield ind1=" " ind2=" " tag="SWD">
      <subfield code="s">Uran</subfield>
      <subfield code="x">Bergbau</subfield>
      <subfield code="9">(DE-588)4132253-8</subfield>
    </datafield>
    <datafield ind1=" " ind2=" " tag="SWD">
      <subfield code="s">Uranerz</subfield>
      <subfield code="x">Bergbau</subfield>
      <subfield code="9">(DE-588)4132253-8</subfield>
    </datafield>
    <datafield ind1=" " ind2=" " tag="AVA">
      <subfield code="a">AKW50</subfield>
      <subfield code="b">XAW1</subfield>
      <subfield code="c">DVD Sammlung Arbeit im Film</subfield>
      <subfield code="d">F189</subfield>
      <subfield code="e">available</subfield>
      <subfield code="t">Verf&#xFC;gbar</subfield>
      <subfield code="f">1</subfield>
      <subfield code="g">0</subfield>
      <subfield code="h">N</subfield>
      <subfield code="i">0</subfield>
      <subfield code="j">ZSF</subfield>
    </datafield>
    <datafield ind1="-" ind2="1" tag="Z30">
      <subfield code="1">XAW1</subfield>
      <subfield code="2">ZSF</subfield>
      <subfield code="3">F189</subfield>
    </datafield>
  </record>