
  <record>
    <leader>00000nM2.01200024------h</leader>
    <controlfield tag="LDR">00000nM2.01200024------h</controlfield>
    <controlfield tag="FMT">MH</controlfield>
    <datafield ind1="-" ind2="1" tag="001">
      <subfield code="a">AC12639278</subfield>
    </datafield>
    <controlfield tag="030">a|1ucr|||||37</controlfield>
    <datafield ind1="a" ind2="1" tag="036">
      <subfield code="a">XA-FR</subfield>
    </datafield>
    <datafield ind1="b" ind2="1" tag="037">
      <subfield code="a">fre</subfield>
    </datafield>
    <controlfield tag="050">|||||cd|d||001</controlfield>
    <controlfield tag="051">m||||||0</controlfield>
    <datafield ind1="s" ind2="1" tag="076">
      <subfield code="a">48</subfield>
    </datafield>
    <datafield ind1="b" ind2="1" tag="100">
      <subfield code="a">Fr&#xE9;sil, Manuela</subfield>
      <subfield code="b">[Regie]</subfield>
    </datafield>
    <datafield ind1="-" ind2="1" tag="331">
      <subfield code="a">Entr&#xE9;e du personnel</subfield>
    </datafield>
    <datafield ind1="-" ind2="1" tag="334">
      <subfield code="a">Elektronische Ressource</subfield>
    </datafield>
    <datafield ind1="-" ind2="1" tag="359">
      <subfield code="a">un film de Manuela Fr&#xE9;sil</subfield>
    </datafield>
    <datafield ind1="-" ind2="1" tag="410">
      <subfield code="a">Marseille</subfield>
    </datafield>
    <datafield ind1="-" ind2="1" tag="412">
      <subfield code="a">Shellac Sud</subfield>
    </datafield>
    <datafield ind1="-" ind2="1" tag="425">
      <subfield code="a">&#xA9;2013</subfield>
    </datafield>
    <datafield ind1="a" ind2="1" tag="425">
      <subfield code="a">2013</subfield>
    </datafield>
    <datafield ind1="-" ind2="1" tag="511">
      <subfield code="p">Orig.:</subfield>
      <subfield code="a">FR, &#xA9;2012</subfield>
    </datafield>
    <datafield ind1="-" ind2="1" tag="516">
      <subfield code="a">Sprache: fre</subfield>
    </datafield>
    <datafield ind1="a" ind2="1" tag="517">
      <subfield code="p">Enth. au&#xDF;erdem</subfield>
      <subfield code="a">3 Bonus</subfield>
    </datafield>
    <datafield ind1="a" ind2="1" tag="551">
      <subfield code="a">EDV Nr. 2002</subfield>
    </datafield>
    <datafield ind1="-" ind2="1" tag="553">
      <subfield code="a">3760189660446</subfield>
    </datafield>
    <datafield ind1="a" ind2="1" tag="652">
      <subfield code="a">DVD-Video</subfield>
    </datafield>
    <datafield ind1="-" ind2="1" tag="653">
      <subfield code="a">1 DVD-Video (Regionalcode 2, 89 Min.)</subfield>
      <subfield code="c">farb., stereo, PAL, Dolby Digital</subfield>
      <subfield code="d">12 cm</subfield>
      <subfield code="e">1 Booklet (21 S.)</subfield>
    </datafield>
    <controlfield tag="SYS">000445285</controlfield>
    <datafield ind1=" " ind2=" " tag="AVA">
      <subfield code="a">AKW50</subfield>
      <subfield code="b">XAW1</subfield>
      <subfield code="c">DVD Sammlung Arbeit im Film</subfield>
      <subfield code="d">F204</subfield>
      <subfield code="e">available</subfield>
      <subfield code="t">Verf&#xFC;gbar</subfield>
      <subfield code="f">1</subfield>
      <subfield code="g">0</subfield>
      <subfield code="h">N</subfield>
      <subfield code="i">0</subfield>
      <subfield code="j">ZSF</subfield>
    </datafield>
    <datafield ind1="-" ind2="1" tag="Z30">
      <subfield code="1">XAW1</subfield>
      <subfield code="2">ZSF</subfield>
      <subfield code="3">F204</subfield>
    </datafield>
  </record>