
  <record>
    <leader>00954nM2.01200024------h</leader>
    <controlfield tag="LDR">00954nM2.01200024------h</controlfield>
    <controlfield tag="FMT">MH</controlfield>
    <datafield ind1="-" ind2="1" tag="001">
      <subfield code="a">AC12670668</subfield>
    </datafield>
    <datafield ind1="b" ind2="1" tag="002">
      <subfield code="a">20151102</subfield>
    </datafield>
    <datafield ind1="-" ind2="1" tag="003">
      <subfield code="a">20160428</subfield>
    </datafield>
    <datafield ind1="a" ind2="1" tag="020">
      <subfield code="a">BV042701747</subfield>
    </datafield>
    <datafield ind1="a" ind2="1" tag="025">
      <subfield code="a">1072095645</subfield>
    </datafield>
    <datafield ind1="-" ind2="1" tag="026">
      <subfield code="a">DNB1072095645</subfield>
    </datafield>
    <controlfield tag="030">a||dc||||||17</controlfield>
    <datafield ind1="a" ind2="1" tag="036">
      <subfield code="a">XA-DE-BY</subfield>
    </datafield>
    <datafield ind1="b" ind2="1" tag="037">
      <subfield code="a">ger</subfield>
    </datafield>
    <controlfield tag="050">a|a|||||||||||</controlfield>
    <controlfield tag="051">m|||||||</controlfield>
    <datafield ind1="-" ind2="1" tag="070">
      <subfield code="a">UBW</subfield>
    </datafield>
    <datafield ind1="b" ind2="1" tag="070">
      <subfield code="a">LBO</subfield>
    </datafield>
    <datafield ind1="s" ind2="1" tag="076">
      <subfield code="a">24</subfield>
    </datafield>
    <datafield ind1="-" ind2="1" tag="100">
      <subfield code="p">Spitzer, Manfred</subfield>
      <subfield code="d">1958-</subfield>
      <subfield code="9">(DE-588)121502384</subfield>
    </datafield>
    <datafield ind1="-" ind2="1" tag="331">
      <subfield code="a">Cyberkrank!</subfield>
    </datafield>
    <datafield ind1="-" ind2="1" tag="335">
      <subfield code="a">wie das digitalisierte Leben unsere Gesundheit ruiniert</subfield>
    </datafield>
    <datafield ind1="-" ind2="1" tag="359">
      <subfield code="a">Manfred Spitzer</subfield>
    </datafield>
    <datafield ind1="-" ind2="1" tag="410">
      <subfield code="a">M&#xFC;nchen</subfield>
    </datafield>
    <datafield ind1="-" ind2="1" tag="412">
      <subfield code="a">Droemer</subfield>
    </datafield>
    <datafield ind1="a" ind2="1" tag="425">
      <subfield code="a">2015</subfield>
    </datafield>
    <datafield ind1="-" ind2="1" tag="433">
      <subfield code="a">431 S.</subfield>
    </datafield>
    <datafield ind1="-" ind2="1" tag="434">
      <subfield code="a">Ill., graph. Darst.</subfield>
    </datafield>
    <datafield ind1="-" ind2="1" tag="435">
      <subfield code="a">22 cm</subfield>
    </datafield>
    <datafield ind1="-" ind2="1" tag="501">
      <subfield code="a">Angek&#xFC;ndigt u.d.T.: Spitzer, Manfred: Mentale St&#xE4;rke</subfield>
    </datafield>
    <datafield ind1="-" ind2="1" tag="517">
      <subfield code="a">Literaturverz. S. 385 - 425</subfield>
    </datafield>
    <datafield ind1="a" ind2="1" tag="540">
      <subfield code="a">978-3-426-27608-2</subfield>
      <subfield code="b">Gb. : EUR 22.99 (DE), EUR 23.70 (AT), sfr 32.90 (freier Pr.)</subfield>
    </datafield>
    <datafield ind1="a" ind2="1" tag="540">
      <subfield code="a">3-426-27608-9</subfield>
    </datafield>
    <datafield ind1="e" ind2="1" tag="655">
      <subfield code="m">V:AT-OBV;B:AT-UBTUW</subfield>
      <subfield code="q">application/pdf</subfield>
      <subfield code="u">http://media.obvsg.at/AC12670668-1001</subfield>
      <subfield code="x">TUW</subfield>
      <subfield code="3">Inhaltsverzeichnis</subfield>
      <subfield code="A">2</subfield>
    </datafield>
    <datafield ind1="e" ind2="1" tag="655">
      <subfield code="u">http://deposit.d-nb.de/cgi-bin/dokserv?id=5289516&amp;prov=M&amp;dok_var=1&amp;dok_ext=htm</subfield>
      <subfield code="3">Inhaltstext</subfield>
      <subfield code="A">2</subfield>
      <subfield code="m">X:MVB</subfield>
      <subfield code="q">text/html</subfield>
    </datafield>
    <datafield ind1="e" ind2="1" tag="655">
      <subfield code="m">V:AT-OBV;B:AT-UBTUW</subfield>
      <subfield code="q">text/plain</subfield>
      <subfield code="u">http://media.obvsg.at/AC12670668-3401</subfield>
      <subfield code="x">TUW</subfield>
      <subfield code="3">Klappentext</subfield>
      <subfield code="A">2</subfield>
    </datafield>
    <datafield ind1="x" ind2="1" tag="700">
      <subfield code="a">610 Medizin, Gesundheit</subfield>
      <subfield code="c">22</subfield>
    </datafield>
    <datafield ind1="b" ind2="1" tag="700">
      <subfield code="a">616.8584</subfield>
      <subfield code="c">22ger</subfield>
      <subfield code="z">DNB</subfield>
    </datafield>
    <datafield ind1="d" ind2="1" tag="700">
      <subfield code="a">150</subfield>
    </datafield>
    <datafield ind1="f" ind2="1" tag="700">
      <subfield code="a">44.19</subfield>
      <subfield code="b">Gesundheitswesen: Sonstiges</subfield>
    </datafield>
    <datafield ind1="f" ind2="1" tag="700">
      <subfield code="a">77.99</subfield>
      <subfield code="b">Psychologie: Sonstiges</subfield>
    </datafield>
    <datafield ind1="f" ind2="1" tag="700">
      <subfield code="a">05.38</subfield>
      <subfield code="b">Neue elektronische Medien &lt;Kommunikationswissenschaft&gt;</subfield>
    </datafield>
    <datafield ind1="f" ind2="1" tag="700">
      <subfield code="a">54.08</subfield>
      <subfield code="b">Informatik in Beziehung zu Mensch und Gesellschaft</subfield>
    </datafield>
    <datafield ind1="g" ind2="1" tag="700">
      <subfield code="a">CV 3600</subfield>
    </datafield>
    <datafield ind1="g" ind2="1" tag="700">
      <subfield code="a">DW 4000</subfield>
    </datafield>
    <datafield ind1="g" ind2="1" tag="700">
      <subfield code="a">MS 7965</subfield>
    </datafield>
    <datafield ind1="a" ind2="1" tag="705">
      <subfield code="a">616.8584</subfield>
      <subfield code="c">616.8584</subfield>
      <subfield code="e">DDC22ger</subfield>
    </datafield>
    <datafield ind1="-" ind2="1" tag="902">
      <subfield code="s">Virtuelle Realit&#xE4;t</subfield>
      <subfield code="9">(DE-588)4399931-1</subfield>
    </datafield>
    <datafield ind1="-" ind2="1" tag="902">
      <subfield code="s">Digitalisierung</subfield>
      <subfield code="9">(DE-588)4123065-6</subfield>
    </datafield>
    <datafield ind1="-" ind2="1" tag="902">
      <subfield code="s">Gesundheitsgef&#xE4;hrdung</subfield>
      <subfield code="9">(DE-588)4071808-6</subfield>
    </datafield>
    <datafield ind1="-" ind2="1" tag="902">
      <subfield code="s">Zivilisationskrankheit</subfield>
      <subfield code="9">(DE-588)4067908-1</subfield>
    </datafield>
    <datafield ind1="-" ind2="1" tag="907">
      <subfield code="s">Digitale Revolution</subfield>
      <subfield code="9">(DE-588)7854804-4</subfield>
    </datafield>
    <datafield ind1="-" ind2="1" tag="907">
      <subfield code="s">Online-Sucht</subfield>
      <subfield code="9">(DE-588)7842524-4</subfield>
    </datafield>
    <datafield ind1="-" ind2="1" tag="907">
      <subfield code="s">Cyber-Mobbing</subfield>
      <subfield code="9">(DE-588)7614486-0</subfield>
    </datafield>
    <datafield ind1="-" ind2="1" tag="907">
      <subfield code="s">Gesundheitsgef&#xE4;hrdung</subfield>
      <subfield code="9">(DE-588)4071808-6</subfield>
    </datafield>
    <controlfield tag="SYS">000447031</controlfield>
    <datafield ind1=" " ind2=" " tag="BKL">
      <subfield code="a">Gesundheitswesen: Sonstiges</subfield>
    </datafield>
    <datafield ind1=" " ind2=" " tag="BKL">
      <subfield code="a">health care: other</subfield>
    </datafield>
    <datafield ind1=" " ind2=" " tag="BKL">
      <subfield code="a">Schul&#xE4;rztlicher Dienst</subfield>
    </datafield>
    <datafield ind1=" " ind2=" " tag="BKL">
      <subfield code="a">Bestattungswesen</subfield>
    </datafield>
    <datafield ind1=" " ind2=" " tag="BKL">
      <subfield code="a">Psychologie: Sonstiges</subfield>
    </datafield>
    <datafield ind1=" " ind2=" " tag="BKL">
      <subfield code="a">psychology: other</subfield>
    </datafield>
    <datafield ind1=" " ind2=" " tag="BKL">
      <subfield code="a">Neue elektronische Medien</subfield>
    </datafield>
    <datafield ind1=" " ind2=" " tag="BKL">
      <subfield code="a">mass communication: new electronic media</subfield>
    </datafield>
    <datafield ind1=" " ind2=" " tag="BKL">
      <subfield code="a">new electronic media &lt;mass communication&gt;</subfield>
    </datafield>
    <datafield ind1=" " ind2=" " tag="PER">
      <subfield code="p">Man fu rui de Shi bi ce</subfield>
      <subfield code="d">1958-</subfield>
      <subfield code="9">(DE-588)121502384</subfield>
    </datafield>
    <datafield ind1=" " ind2=" " tag="PER">
      <subfield code="p">Manfuruide-Shibice</subfield>
      <subfield code="d">1958-</subfield>
      <subfield code="9">(DE-588)121502384</subfield>
    </datafield>
    <datafield ind1=" " ind2=" " tag="PER">
      <subfield code="p">Shibice, Manfuruide</subfield>
      <subfield code="d">1958-</subfield>
      <subfield code="9">(DE-588)121502384</subfield>
    </datafield>
    <datafield ind1=" " ind2=" " tag="PER">
      <subfield code="p">Spitzer, M.</subfield>
      <subfield code="d">1958-</subfield>
      <subfield code="9">(DE-588)121502384</subfield>
    </datafield>
    <datafield ind1=" " ind2=" " tag="PER">
      <subfield code="p">Shupitsu&#x101;, M.</subfield>
      <subfield code="d">1958-</subfield>
      <subfield code="9">(DE-588)121502384</subfield>
    </datafield>
    <datafield ind1=" " ind2=" " tag="PER">
      <subfield code="p">&#x160;pitcer, Manfred</subfield>
      <subfield code="d">1958-</subfield>
      <subfield code="9">(DE-588)121502384</subfield>
    </datafield>
    <datafield ind1=" " ind2=" " tag="PER">
      <subfield code="p">Man fu rui de Shi bi ce</subfield>
      <subfield code="d">1958-</subfield>
      <subfield code="9">(DE-588)121502384</subfield>
    </datafield>
    <datafield ind1=" " ind2=" " tag="PER">
      <subfield code="p">Manfuruide-Shibice</subfield>
      <subfield code="d">1958-</subfield>
      <subfield code="9">(DE-588)121502384</subfield>
    </datafield>
    <datafield ind1=" " ind2=" " tag="PER">
      <subfield code="p">Shibice, Manfuruide</subfield>
      <subfield code="d">1958-</subfield>
      <subfield code="9">(DE-588)121502384</subfield>
    </datafield>
    <datafield ind1=" " ind2=" " tag="PER">
      <subfield code="p">Spitzer, M.</subfield>
      <subfield code="d">1958-</subfield>
      <subfield code="9">(DE-588)121502384</subfield>
    </datafield>
    <datafield ind1=" " ind2=" " tag="PER">
      <subfield code="p">Shupitsu&#x101;, M.</subfield>
      <subfield code="d">1958-</subfield>
      <subfield code="9">(DE-588)121502384</subfield>
    </datafield>
    <datafield ind1=" " ind2=" " tag="PER">
      <subfield code="p">&#x160;pitcer, Manfred</subfield>
      <subfield code="d">1958-</subfield>
      <subfield code="9">(DE-588)121502384</subfield>
    </datafield>
    <datafield ind1=" " ind2=" " tag="SWD">
      <subfield code="s">Virtual reality</subfield>
      <subfield code="9">(DE-588)4399931-1</subfield>
    </datafield>
    <datafield ind1=" " ind2=" " tag="SWD">
      <subfield code="s">Virtuelle Welt</subfield>
      <subfield code="9">(DE-588)4399931-1</subfield>
    </datafield>
    <datafield ind1=" " ind2=" " tag="SWD">
      <subfield code="s">Artificial reality</subfield>
      <subfield code="9">(DE-588)4399931-1</subfield>
    </datafield>
    <datafield ind1=" " ind2=" " tag="SWD">
      <subfield code="s">Virtual environments</subfield>
      <subfield code="9">(DE-588)4399931-1</subfield>
    </datafield>
    <datafield ind1=" " ind2=" " tag="SWD">
      <subfield code="s">Virtuelle R&#xE4;ume</subfield>
      <subfield code="9">(DE-588)4399931-1</subfield>
    </datafield>
    <datafield ind1=" " ind2=" " tag="SWD">
      <subfield code="s">K&#xFC;nstliche Wirklichkeit</subfield>
      <subfield code="9">(DE-588)4399931-1</subfield>
    </datafield>
    <datafield ind1=" " ind2=" " tag="SWD">
      <subfield code="s">Virtuelle Umgebung</subfield>
      <subfield code="9">(DE-588)4399931-1</subfield>
    </datafield>
    <datafield ind1=" " ind2=" " tag="SWD">
      <subfield code="s">K&#xFC;nstliche Realit&#xE4;t</subfield>
      <subfield code="9">(DE-588)4399931-1</subfield>
    </datafield>
    <datafield ind1=" " ind2=" " tag="SWD">
      <subfield code="s">Artificial world</subfield>
      <subfield code="9">(DE-588)4399931-1</subfield>
    </datafield>
    <datafield ind1=" " ind2=" " tag="SWD">
      <subfield code="s">Virtual environment</subfield>
      <subfield code="9">(DE-588)4399931-1</subfield>
    </datafield>
    <datafield ind1=" " ind2=" " tag="SWD">
      <subfield code="s">VR-Technologie</subfield>
      <subfield code="9">(DE-588)4399931-1</subfield>
    </datafield>
    <datafield ind1=" " ind2=" " tag="SWD">
      <subfield code="s">Cyberrealit&#xE4;t</subfield>
      <subfield code="9">(DE-588)4399931-1</subfield>
    </datafield>
    <datafield ind1=" " ind2=" " tag="SWD">
      <subfield code="s">K&#xFC;nstliche Welt</subfield>
      <subfield code="h">Informatik</subfield>
      <subfield code="9">(DE-588)4399931-1</subfield>
    </datafield>
    <datafield ind1=" " ind2=" " tag="SWD">
      <subfield code="s">Virtual reality</subfield>
      <subfield code="9">(DE-588)4399931-1</subfield>
    </datafield>
    <datafield ind1=" " ind2=" " tag="SWD">
      <subfield code="s">Virtuelle Welt</subfield>
      <subfield code="9">(DE-588)4399931-1</subfield>
    </datafield>
    <datafield ind1=" " ind2=" " tag="SWD">
      <subfield code="s">Artificial reality</subfield>
      <subfield code="9">(DE-588)4399931-1</subfield>
    </datafield>
    <datafield ind1=" " ind2=" " tag="SWD">
      <subfield code="s">Virtual environments</subfield>
      <subfield code="9">(DE-588)4399931-1</subfield>
    </datafield>
    <datafield ind1=" " ind2=" " tag="SWD">
      <subfield code="s">Virtuelle R&#xE4;ume</subfield>
      <subfield code="9">(DE-588)4399931-1</subfield>
    </datafield>
    <datafield ind1=" " ind2=" " tag="SWD">
      <subfield code="s">K&#xFC;nstliche Wirklichkeit</subfield>
      <subfield code="9">(DE-588)4399931-1</subfield>
    </datafield>
    <datafield ind1=" " ind2=" " tag="SWD">
      <subfield code="s">Virtuelle Umgebung</subfield>
      <subfield code="9">(DE-588)4399931-1</subfield>
    </datafield>
    <datafield ind1=" " ind2=" " tag="SWD">
      <subfield code="s">K&#xFC;nstliche Realit&#xE4;t</subfield>
      <subfield code="9">(DE-588)4399931-1</subfield>
    </datafield>
    <datafield ind1=" " ind2=" " tag="SWD">
      <subfield code="s">Artificial world</subfield>
      <subfield code="9">(DE-588)4399931-1</subfield>
    </datafield>
    <datafield ind1=" " ind2=" " tag="SWD">
      <subfield code="s">Virtual environment</subfield>
      <subfield code="9">(DE-588)4399931-1</subfield>
    </datafield>
    <datafield ind1=" " ind2=" " tag="SWD">
      <subfield code="s">VR-Technologie</subfield>
      <subfield code="9">(DE-588)4399931-1</subfield>
    </datafield>
    <datafield ind1=" " ind2=" " tag="SWD">
      <subfield code="s">Cyberrealit&#xE4;t</subfield>
      <subfield code="9">(DE-588)4399931-1</subfield>
    </datafield>
    <datafield ind1=" " ind2=" " tag="SWD">
      <subfield code="s">K&#xFC;nstliche Welt</subfield>
      <subfield code="h">Informatik</subfield>
      <subfield code="9">(DE-588)4399931-1</subfield>
    </datafield>
    <datafield ind1=" " ind2=" " tag="SWD">
      <subfield code="s">Gesundheitsbelastung</subfield>
      <subfield code="9">(DE-588)4071808-6</subfield>
    </datafield>
    <datafield ind1=" " ind2=" " tag="SWD">
      <subfield code="s">Gesundheitliches Risiko</subfield>
      <subfield code="9">(DE-588)4071808-6</subfield>
    </datafield>
    <datafield ind1=" " ind2=" " tag="SWD">
      <subfield code="s">Gesundheitsrisiko</subfield>
      <subfield code="9">(DE-588)4071808-6</subfield>
    </datafield>
    <datafield ind1=" " ind2=" " tag="SWD">
      <subfield code="s">Gesundheitsbelastung</subfield>
      <subfield code="9">(DE-588)4071808-6</subfield>
    </datafield>
    <datafield ind1=" " ind2=" " tag="SWD">
      <subfield code="s">Gesundheitliches Risiko</subfield>
      <subfield code="9">(DE-588)4071808-6</subfield>
    </datafield>
    <datafield ind1=" " ind2=" " tag="SWD">
      <subfield code="s">Gesundheitsrisiko</subfield>
      <subfield code="9">(DE-588)4071808-6</subfield>
    </datafield>
    <datafield ind1=" " ind2=" " tag="SWD">
      <subfield code="s">Wohlstandskrankheit</subfield>
      <subfield code="9">(DE-588)4067908-1</subfield>
    </datafield>
    <datafield ind1=" " ind2=" " tag="SWD">
      <subfield code="s">Lifestyle Disease</subfield>
      <subfield code="9">(DE-588)4067908-1</subfield>
    </datafield>
    <datafield ind1=" " ind2=" " tag="SWD">
      <subfield code="s">Wohlstandskrankheit</subfield>
      <subfield code="9">(DE-588)4067908-1</subfield>
    </datafield>
    <datafield ind1=" " ind2=" " tag="SWD">
      <subfield code="s">Lifestyle Disease</subfield>
      <subfield code="9">(DE-588)4067908-1</subfield>
    </datafield>
    <datafield ind1=" " ind2=" " tag="BKL">
      <subfield code="a">Informatik in Beziehung zu Mensch und Gesellschaft</subfield>
    </datafield>
    <datafield ind1=" " ind2=" " tag="BKL">
      <subfield code="a">computer science in relation to man and society</subfield>
    </datafield>
    <datafield ind1=" " ind2=" " tag="SWD">
      <subfield code="s">Elektronische Revolution</subfield>
      <subfield code="9">(DE-588)7854804-4</subfield>
    </datafield>
    <datafield ind1=" " ind2=" " tag="SWD">
      <subfield code="s">Elektronische Revolution</subfield>
      <subfield code="9">(DE-588)7854804-4</subfield>
    </datafield>
    <datafield ind1=" " ind2=" " tag="SWD">
      <subfield code="s">Computersucht</subfield>
      <subfield code="9">(DE-588)7842524-4</subfield>
    </datafield>
    <datafield ind1=" " ind2=" " tag="SWD">
      <subfield code="s">Internetsucht</subfield>
      <subfield code="9">(DE-588)7842524-4</subfield>
    </datafield>
    <datafield ind1=" " ind2=" " tag="SWD">
      <subfield code="s">Internetabh&#xE4;ngigkeit</subfield>
      <subfield code="9">(DE-588)7842524-4</subfield>
    </datafield>
    <datafield ind1=" " ind2=" " tag="SWD">
      <subfield code="s">Online-Spiel</subfield>
      <subfield code="x">Sucht</subfield>
      <subfield code="9">(DE-588)7842524-4</subfield>
    </datafield>
    <datafield ind1=" " ind2=" " tag="SWD">
      <subfield code="s">Computersucht</subfield>
      <subfield code="9">(DE-588)7842524-4</subfield>
    </datafield>
    <datafield ind1=" " ind2=" " tag="SWD">
      <subfield code="s">Internetsucht</subfield>
      <subfield code="9">(DE-588)7842524-4</subfield>
    </datafield>
    <datafield ind1=" " ind2=" " tag="SWD">
      <subfield code="s">Internetabh&#xE4;ngigkeit</subfield>
      <subfield code="9">(DE-588)7842524-4</subfield>
    </datafield>
    <datafield ind1=" " ind2=" " tag="SWD">
      <subfield code="s">Online-Spiel</subfield>
      <subfield code="x">Sucht</subfield>
      <subfield code="9">(DE-588)7842524-4</subfield>
    </datafield>
    <datafield ind1=" " ind2=" " tag="SWD">
      <subfield code="s">Cyber-Bullying</subfield>
      <subfield code="9">(DE-588)7614486-0</subfield>
    </datafield>
    <datafield ind1=" " ind2=" " tag="SWD">
      <subfield code="s">Cybermobbing</subfield>
      <subfield code="9">(DE-588)7614486-0</subfield>
    </datafield>
    <datafield ind1=" " ind2=" " tag="SWD">
      <subfield code="s">Cyberbullying</subfield>
      <subfield code="9">(DE-588)7614486-0</subfield>
    </datafield>
    <datafield ind1=" " ind2=" " tag="SWD">
      <subfield code="s">Internet</subfield>
      <subfield code="x">Mobbing</subfield>
      <subfield code="9">(DE-588)7614486-0</subfield>
    </datafield>
    <datafield ind1=" " ind2=" " tag="SWD">
      <subfield code="s">Cyber-Bullying</subfield>
      <subfield code="9">(DE-588)7614486-0</subfield>
    </datafield>
    <datafield ind1=" " ind2=" " tag="SWD">
      <subfield code="s">Cybermobbing</subfield>
      <subfield code="9">(DE-588)7614486-0</subfield>
    </datafield>
    <datafield ind1=" " ind2=" " tag="SWD">
      <subfield code="s">Cyberbullying</subfield>
      <subfield code="9">(DE-588)7614486-0</subfield>
    </datafield>
    <datafield ind1=" " ind2=" " tag="SWD">
      <subfield code="s">Internet</subfield>
      <subfield code="x">Mobbing</subfield>
      <subfield code="9">(DE-588)7614486-0</subfield>
    </datafield>
    <datafield ind1=" " ind2=" " tag="AVA">
      <subfield code="a">AKW50</subfield>
      <subfield code="b">XAW1</subfield>
      <subfield code="c">Lesesaal</subfield>
      <subfield code="e">unavailable</subfield>
      <subfield code="t">Nicht verf&#xFC;gbar</subfield>
      <subfield code="f">1</subfield>
      <subfield code="g">1</subfield>
      <subfield code="h">N</subfield>
      <subfield code="i">2</subfield>
      <subfield code="j">L</subfield>
    </datafield>
    <datafield ind1="-" ind2="1" tag="Z30">
      <subfield code="1">XAW1</subfield>
      <subfield code="2">L</subfield>
      <subfield code="9">610</subfield>
      <subfield code="g">49726</subfield>
    </datafield>
  </record>