
  <record>
    <leader>00000nM2.01200024------h</leader>
    <controlfield tag="LDR">00000nM2.01200024------h</controlfield>
    <controlfield tag="FMT">MH</controlfield>
    <datafield ind1="-" ind2="1" tag="001">
      <subfield code="a">AC12717294</subfield>
    </datafield>
    <datafield ind1="b" ind2="1" tag="002">
      <subfield code="a">20151217</subfield>
    </datafield>
    <datafield ind1="-" ind2="1" tag="003">
      <subfield code="a">20160517</subfield>
    </datafield>
    <datafield ind1="a" ind2="1" tag="020">
      <subfield code="a">1078369127</subfield>
      <subfield code="b">DNB</subfield>
    </datafield>
    <datafield ind1="a" ind2="1" tag="025">
      <subfield code="a">1078369127</subfield>
    </datafield>
    <datafield ind1="-" ind2="1" tag="026">
      <subfield code="a">DNB1078369127</subfield>
    </datafield>
    <controlfield tag="030">a|1urr|||||27</controlfield>
    <datafield ind1="a" ind2="1" tag="036">
      <subfield code="a">XA-AT</subfield>
    </datafield>
    <datafield ind1="b" ind2="1" tag="037">
      <subfield code="a">ger</subfield>
      <subfield code="a">eng</subfield>
    </datafield>
    <controlfield tag="050">a|a|||||||||||</controlfield>
    <controlfield tag="051">sk||w|||</controlfield>
    <datafield ind1="-" ind2="1" tag="060">
      <subfield code="b">txt</subfield>
    </datafield>
    <datafield ind1="-" ind2="1" tag="061">
      <subfield code="b">n</subfield>
    </datafield>
    <datafield ind1="-" ind2="1" tag="062">
      <subfield code="b">nc</subfield>
    </datafield>
    <datafield ind1="a" ind2="1" tag="064">
      <subfield code="a">Konferenzschrift</subfield>
      <subfield code="9">(DE-588)1071861417</subfield>
      <subfield code="y">2014</subfield>
      <subfield code="z">Wien</subfield>
    </datafield>
    <datafield ind1="-" ind2="1" tag="070">
      <subfield code="a">UBW</subfield>
    </datafield>
    <datafield ind1="a" ind2="1" tag="070">
      <subfield code="a">DNB</subfield>
    </datafield>
    <datafield ind1="b" ind2="1" tag="070">
      <subfield code="a">WUW</subfield>
    </datafield>
    <datafield ind1="s" ind2="1" tag="076">
      <subfield code="a">10</subfield>
    </datafield>
    <datafield ind1="b" ind2="1" tag="100">
      <subfield code="p">Marterbauer, Markus</subfield>
      <subfield code="d">1965-</subfield>
      <subfield code="9">(DE-588)111518164</subfield>
      <subfield code="4">edt</subfield>
    </datafield>
    <datafield ind1="b" ind2="1" tag="104">
      <subfield code="p">Mesch, Michael</subfield>
      <subfield code="d">1956-</subfield>
      <subfield code="9">(DE-588)111171369</subfield>
      <subfield code="4">edt</subfield>
    </datafield>
    <datafield ind1="b" ind2="1" tag="108">
      <subfield code="a">Rehm, Miriam</subfield>
      <subfield code="4">edt</subfield>
    </datafield>
    <datafield ind1="b" ind2="1" tag="112">
      <subfield code="a">Reiterlechner, Christine</subfield>
      <subfield code="4">edt</subfield>
    </datafield>
    <datafield ind1="-" ind2="1" tag="200">
      <subfield code="e">Wirtschaftswissenschaftliche Tagung</subfield>
      <subfield code="h">Kammer f&#xFC;r Arbeiter und Angestellte f&#xFC;r Wien</subfield>
      <subfield code="d">2014</subfield>
      <subfield code="c">Wien</subfield>
      <subfield code="9">(DE-588)1081272120</subfield>
    </datafield>
    <datafield ind1="-" ind2="1" tag="331">
      <subfield code="a">&lt;&lt;Das&gt;&gt; Scheitern des neoklassischen Paradigmas - Wirtschaftspolitik in der EU</subfield>
    </datafield>
    <datafield ind1="-" ind2="1" tag="359">
      <subfield code="a">Markus Marterbauer, Michael Mesch, Miriam Reh, Christine Reiterlechner (Hrsg.) ; Wirtschaftswissenschaftliche Tagung der Arbeiterkammer Wien am 2. Juni 2014</subfield>
    </datafield>
    <datafield ind1="-" ind2="1" tag="419">
      <subfield code="a">Wien</subfield>
      <subfield code="b">&#xD6;GB Verlag</subfield>
      <subfield code="c">[2015]</subfield>
    </datafield>
    <datafield ind1="a" ind2="1" tag="425">
      <subfield code="a">2015</subfield>
    </datafield>
    <datafield ind1="-" ind2="1" tag="433">
      <subfield code="a">181 Seiten</subfield>
    </datafield>
    <datafield ind1="-" ind2="1" tag="434">
      <subfield code="a">Illustrationen, Diagramme</subfield>
    </datafield>
    <datafield ind1="-" ind2="1" tag="435">
      <subfield code="a">24 cm</subfield>
    </datafield>
    <datafield ind1="-" ind2="1" tag="451">
      <subfield code="a">Wirtschaftswissenschaftliche Tagungen der Arbeiterkammer Wien</subfield>
      <subfield code="v">Band 19</subfield>
    </datafield>
    <datafield ind1="r" ind2="1" tag="453">
      <subfield code="a">AC00766881</subfield>
    </datafield>
    <datafield ind1="-" ind2="1" tag="455">
      <subfield code="a">Band 19</subfield>
    </datafield>
    <datafield ind1="-" ind2="1" tag="456">
      <subfield code="a">19</subfield>
    </datafield>
    <datafield ind1="-" ind2="1" tag="501">
      <subfield code="a">Literaturangaben</subfield>
    </datafield>
    <datafield ind1="a" ind2="1" tag="516">
      <subfield code="a">Beitr&#xE4;ge teilweise deutsch, teilweise englisch</subfield>
    </datafield>
    <datafield ind1="a" ind2="1" tag="540">
      <subfield code="a">978-3-99046-185-3</subfield>
      <subfield code="b">Broschur : EUR 24,90 ; CHF 26,13</subfield>
    </datafield>
    <datafield ind1="a" ind2="1" tag="553">
      <subfield code="a">9783990461853</subfield>
    </datafield>
    <datafield ind1="-" ind2="1" tag="580">
      <subfield code="a">OeB2016,A,06 330</subfield>
    </datafield>
    <datafield ind1="e" ind2="1" tag="655">
      <subfield code="q">application/pdf</subfield>
      <subfield code="u">http://media.obvsg.at/AC12717294-1001</subfield>
      <subfield code="x">PAR</subfield>
      <subfield code="3">Inhaltsverzeichnis</subfield>
      <subfield code="A">2</subfield>
    </datafield>
    <datafield ind1="-" ind2="1" tag="677">
      <subfield code="k">Verlag des &#xD6;sterreichischen Gewerkschaftsbundes</subfield>
      <subfield code="h">Wien</subfield>
      <subfield code="4">pbl</subfield>
      <subfield code="9">(DE-588)405362-X</subfield>
    </datafield>
    <datafield ind1="-" ind2="1" tag="700">
      <subfield code="a">340</subfield>
      <subfield code="2">DNB</subfield>
    </datafield>
    <datafield ind1="x" ind2="1" tag="700">
      <subfield code="a">338 Produktion, Wirtschaftsentwicklung, Wirtschaftspolitik</subfield>
      <subfield code="c">22</subfield>
    </datafield>
    <datafield ind1="b" ind2="1" tag="700">
      <subfield code="a">339.5094</subfield>
      <subfield code="c">22ger</subfield>
      <subfield code="z">DNB</subfield>
    </datafield>
    <datafield ind1="f" ind2="1" tag="700">
      <subfield code="a">89.73</subfield>
      <subfield code="b">Europapolitik, Europ&#xE4;ische Union</subfield>
    </datafield>
    <datafield ind1="f" ind2="1" tag="700">
      <subfield code="a">83.30</subfield>
      <subfield code="b">Wirtschaftsentwicklung, Wirtschaftsstruktur: Allgemeines</subfield>
    </datafield>
    <datafield ind1="g" ind2="1" tag="700">
      <subfield code="a">QM 430</subfield>
    </datafield>
    <datafield ind1="a" ind2="1" tag="705">
      <subfield code="a">339.5094</subfield>
      <subfield code="c">339.5</subfield>
      <subfield code="e">DDC22ger</subfield>
      <subfield code="g">4</subfield>
    </datafield>
    <datafield ind1="-" ind2="1" tag="720">
      <subfield code="a">Book</subfield>
      <subfield code="2">Produktform</subfield>
    </datafield>
    <datafield ind1="-" ind2="1" tag="720">
      <subfield code="a">Erwachsenenbildung</subfield>
      <subfield code="2">Zielgruppe</subfield>
    </datafield>
    <datafield ind1="-" ind2="1" tag="720">
      <subfield code="a">Allgemein</subfield>
      <subfield code="2">Zielgruppe</subfield>
    </datafield>
    <datafield ind1="-" ind2="1" tag="720">
      <subfield code="a">Fachpublikum/ Wissenschaft</subfield>
      <subfield code="2">Zielgruppe</subfield>
    </datafield>
    <datafield ind1="-" ind2="1" tag="720">
      <subfield code="a">Fachhochschul-/Hochschulausbildung</subfield>
      <subfield code="2">Zielgruppe</subfield>
    </datafield>
    <datafield ind1="-" ind2="1" tag="720">
      <subfield code="a">Neoklassik</subfield>
    </datafield>
    <datafield ind1="-" ind2="1" tag="720">
      <subfield code="a">Europ&#xE4;ische Union</subfield>
    </datafield>
    <datafield ind1="-" ind2="1" tag="720">
      <subfield code="a">Wirtschaftspolitik</subfield>
    </datafield>
    <datafield ind1="-" ind2="1" tag="720">
      <subfield code="a">1777: Hardcover, Softcover / Recht/Arbeitsrecht, Sozialrecht</subfield>
      <subfield code="2">VLB-WN</subfield>
    </datafield>
    <datafield ind1="-" ind2="1" tag="902">
      <subfield code="k">Europ&#xE4;ische Union</subfield>
      <subfield code="9">(DE-588)5098525-5</subfield>
    </datafield>
    <datafield ind1="-" ind2="1" tag="902">
      <subfield code="s">Wirtschaftspolitik</subfield>
      <subfield code="9">(DE-588)4066493-4</subfield>
    </datafield>
    <datafield ind1="-" ind2="1" tag="902">
      <subfield code="s">Neoliberalismus</subfield>
      <subfield code="9">(DE-588)4171438-6</subfield>
    </datafield>
    <datafield ind1="-" ind2="1" tag="902">
      <subfield code="s">Neoklassische Theorie</subfield>
      <subfield code="9">(DE-588)4115360-1</subfield>
    </datafield>
    <controlfield tag="SYS">000450161</controlfield>
    <datafield ind1=" " ind2=" " tag="KOR">
      <subfield code="e">Wirtschaftswissenschaftliche Tagung der Arbeiterkammer Wien</subfield>
      <subfield code="9">(DE-588)1081272120</subfield>
    </datafield>
    <datafield ind1=" " ind2=" " tag="KOR">
      <subfield code="e">Wirtschaftswissenschaftliche Tagung der Arbeiterkammer Wien am 2. Juni 2014</subfield>
      <subfield code="9">(DE-588)1081272120</subfield>
    </datafield>
    <datafield ind1=" " ind2=" " tag="KOR">
      <subfield code="e">Wirtschaftswissenschaftliche Tagung der Arbeiterkammer Wien</subfield>
      <subfield code="d">2014</subfield>
      <subfield code="c">Wien</subfield>
      <subfield code="9">(DE-588)1081272120</subfield>
    </datafield>
    <datafield ind1=" " ind2=" " tag="KOR">
      <subfield code="e">Wirtschaftswissenschaftliche Tagung der Arbeiterkammer Wien</subfield>
      <subfield code="9">(DE-588)1081272120</subfield>
    </datafield>
    <datafield ind1=" " ind2=" " tag="KOR">
      <subfield code="e">Wirtschaftswissenschaftliche Tagung der Arbeiterkammer Wien am 2. Juni 2014</subfield>
      <subfield code="9">(DE-588)1081272120</subfield>
    </datafield>
    <datafield ind1=" " ind2=" " tag="KOR">
      <subfield code="e">Wirtschaftswissenschaftliche Tagung der Arbeiterkammer Wien</subfield>
      <subfield code="d">2014</subfield>
      <subfield code="c">Wien</subfield>
      <subfield code="9">(DE-588)1081272120</subfield>
    </datafield>
    <datafield ind1=" " ind2=" " tag="SWD">
      <subfield code="s">Volkswirtschaftspolitik</subfield>
      <subfield code="9">(DE-588)4066493-4</subfield>
    </datafield>
    <datafield ind1=" " ind2=" " tag="SWD">
      <subfield code="s">Allgemeine Wirtschaftspolitik</subfield>
      <subfield code="9">(DE-588)4066493-4</subfield>
    </datafield>
    <datafield ind1=" " ind2=" " tag="SWD">
      <subfield code="s">Volkswirtschaftspolitik</subfield>
      <subfield code="9">(DE-588)4066493-4</subfield>
    </datafield>
    <datafield ind1=" " ind2=" " tag="SWD">
      <subfield code="s">Allgemeine Wirtschaftspolitik</subfield>
      <subfield code="9">(DE-588)4066493-4</subfield>
    </datafield>
    <datafield ind1=" " ind2=" " tag="BKL">
      <subfield code="a">Europapolitik</subfield>
    </datafield>
    <datafield ind1=" " ind2=" " tag="BKL">
      <subfield code="a">Europ&#xE4;ische Union</subfield>
    </datafield>
    <datafield ind1=" " ind2=" " tag="BKL">
      <subfield code="a">political science: international relations: cooperation: Europan politics, European Union</subfield>
    </datafield>
    <datafield ind1=" " ind2=" " tag="BKL">
      <subfield code="a">political science: international relations: cooperation: Europan politics</subfield>
    </datafield>
    <datafield ind1=" " ind2=" " tag="BKL">
      <subfield code="a">political science: international relations: cooperation: European Union</subfield>
    </datafield>
    <datafield ind1=" " ind2=" " tag="BKL">
      <subfield code="a">Europan politics &lt;political science: international relations: cooperation&gt;</subfield>
    </datafield>
    <datafield ind1=" " ind2=" " tag="BKL">
      <subfield code="a">European Union &lt;political science: international relations: cooperation&gt;</subfield>
    </datafield>
    <datafield ind1=" " ind2=" " tag="BKL">
      <subfield code="a">Organisation f&#xFC;r Sicherheit und Zusammenarbeit in Europa</subfield>
    </datafield>
    <datafield ind1=" " ind2=" " tag="BKL">
      <subfield code="a">Wirtschaftsentwicklung</subfield>
    </datafield>
    <datafield ind1=" " ind2=" " tag="BKL">
      <subfield code="a">Wirtschaftsstruktur: Allgemeines</subfield>
    </datafield>
    <datafield ind1=" " ind2=" " tag="BKL">
      <subfield code="a">economic development, economic structure: general</subfield>
    </datafield>
    <datafield ind1=" " ind2=" " tag="BKL">
      <subfield code="a">L&#xE4;nderstudien (Volkswirtschaft)</subfield>
    </datafield>
    <datafield ind1=" " ind2=" " tag="BKL">
      <subfield code="a">empirische Strukturforschung</subfield>
    </datafield>
    <datafield ind1=" " ind2=" " tag="BKL">
      <subfield code="a">Wirtschaftspolitik einzelner L&#xE4;nder</subfield>
    </datafield>
    <datafield ind1=" " ind2=" " tag="SWD">
      <subfield code="s">Neoklassik</subfield>
      <subfield code="9">(DE-588)4115360-1</subfield>
    </datafield>
    <datafield ind1=" " ind2=" " tag="SWD">
      <subfield code="s">Neoklassische &#xD6;konomie</subfield>
      <subfield code="9">(DE-588)4115360-1</subfield>
    </datafield>
    <datafield ind1=" " ind2=" " tag="SWD">
      <subfield code="s">Neoklassische National&#xF6;konomie</subfield>
      <subfield code="9">(DE-588)4115360-1</subfield>
    </datafield>
    <datafield ind1=" " ind2=" " tag="SWD">
      <subfield code="s">Neoklassische Schule</subfield>
      <subfield code="h">Wirtschaftswissenschaften</subfield>
      <subfield code="9">(DE-588)4115360-1</subfield>
    </datafield>
    <datafield ind1=" " ind2=" " tag="SWD">
      <subfield code="s">Neoklassik</subfield>
      <subfield code="9">(DE-588)4115360-1</subfield>
    </datafield>
    <datafield ind1=" " ind2=" " tag="SWD">
      <subfield code="s">Neoklassische &#xD6;konomie</subfield>
      <subfield code="9">(DE-588)4115360-1</subfield>
    </datafield>
    <datafield ind1=" " ind2=" " tag="SWD">
      <subfield code="s">Neoklassische National&#xF6;konomie</subfield>
      <subfield code="9">(DE-588)4115360-1</subfield>
    </datafield>
    <datafield ind1=" " ind2=" " tag="SWD">
      <subfield code="s">Neoklassische Schule</subfield>
      <subfield code="h">Wirtschaftswissenschaften</subfield>
      <subfield code="9">(DE-588)4115360-1</subfield>
    </datafield>
    <datafield ind1=" " ind2=" " tag="SWD">
      <subfield code="k">Eur&#x14D;pai&#x34F;&#x308;ke En&#x14D;s&#x113;</subfield>
      <subfield code="9">(DE-588)5098525-5</subfield>
    </datafield>
    <datafield ind1=" " ind2=" " tag="SWD">
      <subfield code="9">(DE-588)4131753-1</subfield>
    </datafield>
    <datafield ind1=" " ind2=" " tag="SWD">
      <subfield code="k">Union europ&#xE9;enne</subfield>
      <subfield code="9">(DE-588)5098525-5</subfield>
    </datafield>
    <datafield ind1=" " ind2=" " tag="SWD">
      <subfield code="k">European Union</subfield>
      <subfield code="9">(DE-588)5098525-5</subfield>
    </datafield>
    <datafield ind1=" " ind2=" " tag="SWD">
      <subfield code="k">Uni&#xF3;n Europea</subfield>
      <subfield code="9">(DE-588)5098525-5</subfield>
    </datafield>
    <datafield ind1=" " ind2=" " tag="SWD">
      <subfield code="k">Europaeiske Union</subfield>
      <subfield code="9">(DE-588)5098525-5</subfield>
    </datafield>
    <datafield ind1=" " ind2=" " tag="SWD">
      <subfield code="k">Union Europea</subfield>
      <subfield code="9">(DE-588)5098525-5</subfield>
    </datafield>
    <datafield ind1=" " ind2=" " tag="SWD">
      <subfield code="k">Unione Europea</subfield>
      <subfield code="9">(DE-588)5098525-5</subfield>
    </datafield>
    <datafield ind1=" " ind2=" " tag="SWD">
      <subfield code="k">Europese Unie</subfield>
      <subfield code="9">(DE-588)5098525-5</subfield>
    </datafield>
    <datafield ind1=" " ind2=" " tag="SWD">
      <subfield code="k">Uni&#xE3;o Europeia</subfield>
      <subfield code="9">(DE-588)5098525-5</subfield>
    </datafield>
    <datafield ind1=" " ind2=" " tag="SWD">
      <subfield code="k">Aontas Eorpach</subfield>
      <subfield code="9">(DE-588)5098525-5</subfield>
    </datafield>
    <datafield ind1=" " ind2=" " tag="SWD">
      <subfield code="k">Europska Unija</subfield>
      <subfield code="9">(DE-588)5098525-5</subfield>
    </datafield>
    <datafield ind1=" " ind2=" " tag="SWD">
      <subfield code="k">Unia Europejska</subfield>
      <subfield code="9">(DE-588)5098525-5</subfield>
    </datafield>
    <datafield ind1=" " ind2=" " tag="SWD">
      <subfield code="k">Europos Sa&#x31C;junga</subfield>
      <subfield code="9">(DE-588)5098525-5</subfield>
    </datafield>
    <datafield ind1=" " ind2=" " tag="SWD">
      <subfield code="k">ES</subfield>
      <subfield code="9">(DE-588)5098525-5</subfield>
    </datafield>
    <datafield ind1=" " ind2=" " tag="SWD">
      <subfield code="k">Eiropas Savien&#x12B;ba</subfield>
      <subfield code="9">(DE-588)5098525-5</subfield>
    </datafield>
    <datafield ind1=" " ind2=" " tag="SWD">
      <subfield code="k">Uni&#xF3; Europea</subfield>
      <subfield code="9">(DE-588)5098525-5</subfield>
    </datafield>
    <datafield ind1=" " ind2=" " tag="SWD">
      <subfield code="k">Evropsk&#xE1; Unie</subfield>
      <subfield code="9">(DE-588)5098525-5</subfield>
    </datafield>
    <datafield ind1=" " ind2=" " tag="SWD">
      <subfield code="k">Avrupa Birli&#x11F;i</subfield>
      <subfield code="9">(DE-588)5098525-5</subfield>
    </datafield>
    <datafield ind1=" " ind2=" " tag="SWD">
      <subfield code="k">Evropejskoe Soob&#x161;&#x10D;estvo</subfield>
      <subfield code="9">(DE-588)5098525-5</subfield>
    </datafield>
    <datafield ind1=" " ind2=" " tag="SWD">
      <subfield code="k">Eur&#xF3;pai Uni&#xF3;</subfield>
      <subfield code="9">(DE-588)5098525-5</subfield>
    </datafield>
    <datafield ind1=" " ind2=" " tag="SWD">
      <subfield code="k">Uniunea European&#x103;</subfield>
      <subfield code="9">(DE-588)5098525-5</subfield>
    </datafield>
    <datafield ind1=" " ind2=" " tag="SWD">
      <subfield code="k">EU</subfield>
      <subfield code="9">(DE-588)5098525-5</subfield>
    </datafield>
    <datafield ind1=" " ind2=" " tag="SWD">
      <subfield code="k">EM</subfield>
      <subfield code="9">(DE-588)5098525-5</subfield>
    </datafield>
    <datafield ind1=" " ind2=" " tag="SWD">
      <subfield code="k">Eur&#x14D;pai&#x34F;&#x308;ke En&#x14D;s&#x113;</subfield>
      <subfield code="9">(DE-588)5098525-5</subfield>
    </datafield>
    <datafield ind1=" " ind2=" " tag="SWD">
      <subfield code="9">(DE-588)4131753-1</subfield>
    </datafield>
    <datafield ind1=" " ind2=" " tag="SWD">
      <subfield code="k">Union europ&#xE9;enne</subfield>
      <subfield code="9">(DE-588)5098525-5</subfield>
    </datafield>
    <datafield ind1=" " ind2=" " tag="SWD">
      <subfield code="k">European Union</subfield>
      <subfield code="9">(DE-588)5098525-5</subfield>
    </datafield>
    <datafield ind1=" " ind2=" " tag="SWD">
      <subfield code="k">Uni&#xF3;n Europea</subfield>
      <subfield code="9">(DE-588)5098525-5</subfield>
    </datafield>
    <datafield ind1=" " ind2=" " tag="SWD">
      <subfield code="k">Europaeiske Union</subfield>
      <subfield code="9">(DE-588)5098525-5</subfield>
    </datafield>
    <datafield ind1=" " ind2=" " tag="SWD">
      <subfield code="k">Union Europea</subfield>
      <subfield code="9">(DE-588)5098525-5</subfield>
    </datafield>
    <datafield ind1=" " ind2=" " tag="SWD">
      <subfield code="k">Unione Europea</subfield>
      <subfield code="9">(DE-588)5098525-5</subfield>
    </datafield>
    <datafield ind1=" " ind2=" " tag="SWD">
      <subfield code="k">Europese Unie</subfield>
      <subfield code="9">(DE-588)5098525-5</subfield>
    </datafield>
    <datafield ind1=" " ind2=" " tag="SWD">
      <subfield code="k">Uni&#xE3;o Europeia</subfield>
      <subfield code="9">(DE-588)5098525-5</subfield>
    </datafield>
    <datafield ind1=" " ind2=" " tag="SWD">
      <subfield code="k">Aontas Eorpach</subfield>
      <subfield code="9">(DE-588)5098525-5</subfield>
    </datafield>
    <datafield ind1=" " ind2=" " tag="SWD">
      <subfield code="k">Europska Unija</subfield>
      <subfield code="9">(DE-588)5098525-5</subfield>
    </datafield>
    <datafield ind1=" " ind2=" " tag="SWD">
      <subfield code="k">Unia Europejska</subfield>
      <subfield code="9">(DE-588)5098525-5</subfield>
    </datafield>
    <datafield ind1=" " ind2=" " tag="SWD">
      <subfield code="k">Europos Sa&#x31C;junga</subfield>
      <subfield code="9">(DE-588)5098525-5</subfield>
    </datafield>
    <datafield ind1=" " ind2=" " tag="SWD">
      <subfield code="k">ES</subfield>
      <subfield code="9">(DE-588)5098525-5</subfield>
    </datafield>
    <datafield ind1=" " ind2=" " tag="SWD">
      <subfield code="k">Eiropas Savien&#x12B;ba</subfield>
      <subfield code="9">(DE-588)5098525-5</subfield>
    </datafield>
    <datafield ind1=" " ind2=" " tag="SWD">
      <subfield code="k">Uni&#xF3; Europea</subfield>
      <subfield code="9">(DE-588)5098525-5</subfield>
    </datafield>
    <datafield ind1=" " ind2=" " tag="SWD">
      <subfield code="k">Evropsk&#xE1; Unie</subfield>
      <subfield code="9">(DE-588)5098525-5</subfield>
    </datafield>
    <datafield ind1=" " ind2=" " tag="SWD">
      <subfield code="k">Avrupa Birli&#x11F;i</subfield>
      <subfield code="9">(DE-588)5098525-5</subfield>
    </datafield>
    <datafield ind1=" " ind2=" " tag="SWD">
      <subfield code="k">Evropejskoe Soob&#x161;&#x10D;estvo</subfield>
      <subfield code="9">(DE-588)5098525-5</subfield>
    </datafield>
    <datafield ind1=" " ind2=" " tag="SWD">
      <subfield code="k">Eur&#xF3;pai Uni&#xF3;</subfield>
      <subfield code="9">(DE-588)5098525-5</subfield>
    </datafield>
    <datafield ind1=" " ind2=" " tag="SWD">
      <subfield code="k">Uniunea European&#x103;</subfield>
      <subfield code="9">(DE-588)5098525-5</subfield>
    </datafield>
    <datafield ind1=" " ind2=" " tag="SWD">
      <subfield code="k">EU</subfield>
      <subfield code="9">(DE-588)5098525-5</subfield>
    </datafield>
    <datafield ind1=" " ind2=" " tag="SWD">
      <subfield code="k">EM</subfield>
      <subfield code="9">(DE-588)5098525-5</subfield>
    </datafield>
    <datafield ind1=" " ind2=" " tag="AVA">
      <subfield code="a">AKW50</subfield>
      <subfield code="b">XAW1</subfield>
      <subfield code="c">Lesesaal</subfield>
      <subfield code="e">available</subfield>
      <subfield code="t">Verf&#xFC;gbar</subfield>
      <subfield code="f">1</subfield>
      <subfield code="g">0</subfield>
      <subfield code="h">N</subfield>
      <subfield code="i">0</subfield>
      <subfield code="j">L</subfield>
    </datafield>
    <datafield ind1="-" ind2="1" tag="Z30">
      <subfield code="1">XAW1</subfield>
      <subfield code="2">L</subfield>
      <subfield code="9">338</subfield>
    </datafield>
  </record>