
  <record>
    <leader>00000nM2.01200024------h</leader>
    <controlfield tag="LDR">00000nM2.01200024------h</controlfield>
    <controlfield tag="FMT">MH</controlfield>
    <datafield ind1="-" ind2="1" tag="001">
      <subfield code="a">AC08718090</subfield>
    </datafield>
    <datafield ind1="a" ind2="1" tag="025">
      <subfield code="a">996636382</subfield>
    </datafield>
    <datafield ind1="z" ind2="1" tag="025">
      <subfield code="a">2513962-9</subfield>
    </datafield>
    <controlfield tag="030">a||d|||||||27</controlfield>
    <datafield ind1="a" ind2="1" tag="036">
      <subfield code="a">XA-AT</subfield>
    </datafield>
    <datafield ind1="b" ind2="1" tag="037">
      <subfield code="a">ger</subfield>
    </datafield>
    <controlfield tag="050">||||||||g|||||</controlfield>
    <controlfield tag="052">p||||||a|||||||</controlfield>
    <controlfield tag="058">cr||||||||||||</controlfield>
    <datafield ind1="a" ind2="1" tag="070">
      <subfield code="a">DNB</subfield>
    </datafield>
    <datafield ind1="-" ind2="1" tag="200">
      <subfield code="k">Kammer f&#xFC;r Arbeiter und Angestellte f&#xFC;r Wien</subfield>
      <subfield code="9">(DE-588)2015235-8</subfield>
    </datafield>
    <datafield ind1="-" ind2="1" tag="331">
      <subfield code="a">AK f&#xFC;r Sie</subfield>
    </datafield>
    <datafield ind1="-" ind2="1" tag="334">
      <subfield code="a">Elektronische Ressource</subfield>
    </datafield>
    <datafield ind1="-" ind2="1" tag="335">
      <subfield code="a">Mitgliederzeitschrift der AK Wien</subfield>
    </datafield>
    <datafield ind1="-" ind2="1" tag="405">
      <subfield code="a">Nachgewiesen 2004 -</subfield>
    </datafield>
    <datafield ind1="b" ind2="1" tag="406">
      <subfield code="j">2004</subfield>
    </datafield>
    <datafield ind1="-" ind2="1" tag="410">
      <subfield code="a">Wien</subfield>
    </datafield>
    <datafield ind1="b" ind2="1" tag="425">
      <subfield code="a">2004</subfield>
    </datafield>
    <datafield ind1="-" ind2="1" tag="507">
      <subfield code="a">Gesehen am 12.11.13</subfield>
    </datafield>
    <datafield ind1="-" ind2="1" tag="523">
      <subfield code="a">Fr&#xFC;here Jg. online nicht mehr verf&#xFC;gbar</subfield>
    </datafield>
    <datafield ind1="z" ind2="1" tag="527">
      <subfield code="p">Druckausg.</subfield>
      <subfield code="a">Kammer f&#xFC;r Arbeiter und Angestellte f&#xFC;r Wien: AK f&#xFC;r Sie</subfield>
      <subfield code="9">2095409-8</subfield>
    </datafield>
    <datafield ind1="a" ind2="1" tag="652">
      <subfield code="a">Online-Ressource</subfield>
    </datafield>
    <datafield ind1="e" ind2="1" tag="655">
      <subfield code="u">http://wien.arbeiterkammer.at/service/zeitschriften/akfuersie/AK_fuer_Sie.html</subfield>
      <subfield code="x">Verlag; 2013 -</subfield>
      <subfield code="z">kostenfrei</subfield>
      <subfield code="A">0</subfield>
    </datafield>
    <datafield ind1="e" ind2="1" tag="655">
      <subfield code="u">http://www.bibliothek.uni-regensburg.de/ezeit/?2513962</subfield>
      <subfield code="x">EZB</subfield>
      <subfield code="A">0</subfield>
    </datafield>
    <datafield ind1="a" ind2="1" tag="674">
      <subfield code="a">1980</subfield>
    </datafield>
    <controlfield tag="SYS">000452884</controlfield>
    <datafield ind1=" " ind2="9" tag="071">
      <subfield code="a">AKW</subfield>
      <subfield code="2">XAWE</subfield>
    </datafield>
    <datafield ind1=" " ind2="9" tag="220">
      <subfield code="a">Freier Online-Zugang</subfield>
      <subfield code="2">XAWE</subfield>
    </datafield>
    <datafield ind1=" " ind2="9" tag="NTU">
      <subfield code="a">E-Journal-Bestand</subfield>
      <subfield code="2">XAWE</subfield>
    </datafield>
    <datafield ind1=" " ind2="9" tag="OWN">
      <subfield code="a">XAWE</subfield>
    </datafield>
    <datafield ind1=" " ind2=" " tag="KOR">
      <subfield code="k">Kammer f&#xFC;r Arbeiter und Angestellte Wien</subfield>
      <subfield code="9">(DE-588)2015235-8</subfield>
    </datafield>
    <datafield ind1=" " ind2=" " tag="KOR">
      <subfield code="k">Kammer f&#xFC;r Arbeiter und Angestellte f&#xFC;r Wien</subfield>
      <subfield code="b">Pressestelle</subfield>
      <subfield code="9">(DE-588)2015235-8</subfield>
    </datafield>
    <datafield ind1=" " ind2=" " tag="KOR">
      <subfield code="k">Arbeiterkammer Wien</subfield>
      <subfield code="9">(DE-588)2015235-8</subfield>
    </datafield>
    <datafield ind1=" " ind2=" " tag="KOR">
      <subfield code="k">Kammer f&#xFC;r Arbeiter und Angestellte in Wien</subfield>
      <subfield code="9">(DE-588)2015235-8</subfield>
    </datafield>
    <datafield ind1=" " ind2=" " tag="KOR">
      <subfield code="k">Arbeiterkammer in Wien</subfield>
      <subfield code="9">(DE-588)2015235-8</subfield>
    </datafield>
    <datafield ind1=" " ind2=" " tag="KOR">
      <subfield code="9">(DE-588)4073178-9</subfield>
    </datafield>
    <datafield ind1=" " ind2=" " tag="KOR">
      <subfield code="k">Kammer f&#xFC;r Arbeiter und Angestellte</subfield>
      <subfield code="h">Wien</subfield>
      <subfield code="9">(DE-588)2015235-8</subfield>
    </datafield>
    <datafield ind1=" " ind2=" " tag="KOR">
      <subfield code="k">Wiener Kammer f&#xFC;r Arbeiter und Angestellte</subfield>
      <subfield code="9">(DE-588)2015235-8</subfield>
    </datafield>
    <datafield ind1=" " ind2=" " tag="KOR">
      <subfield code="k">Wiener Arbeiterkammer</subfield>
      <subfield code="9">(DE-588)2015235-8</subfield>
    </datafield>
    <datafield ind1=" " ind2=" " tag="KOR">
      <subfield code="k">Palata Truda</subfield>
      <subfield code="h">Wien</subfield>
      <subfield code="9">(DE-588)2015235-8</subfield>
    </datafield>
    <datafield ind1=" " ind2=" " tag="KOR">
      <subfield code="k">Chambers of Labour</subfield>
      <subfield code="9">(DE-588)2015235-8</subfield>
    </datafield>
    <datafield ind1=" " ind2=" " tag="KOR">
      <subfield code="k">Chambres du Travail</subfield>
      <subfield code="9">(DE-588)2015235-8</subfield>
    </datafield>
    <datafield ind1=" " ind2=" " tag="KOR">
      <subfield code="k">AK</subfield>
      <subfield code="9">(DE-588)2015235-8</subfield>
    </datafield>
    <datafield ind1=" " ind2=" " tag="KOR">
      <subfield code="k">AK Wien</subfield>
      <subfield code="9">(DE-588)2015235-8</subfield>
    </datafield>
    <datafield ind1=" " ind2=" " tag="KOR">
      <subfield code="k">Kammer f&#xFC;r Arbeiter und Angestellte Wien</subfield>
      <subfield code="9">(DE-588)2015235-8</subfield>
    </datafield>
    <datafield ind1=" " ind2=" " tag="KOR">
      <subfield code="k">Kammer f&#xFC;r Arbeiter und Angestellte f&#xFC;r Wien</subfield>
      <subfield code="b">Pressestelle</subfield>
      <subfield code="9">(DE-588)2015235-8</subfield>
    </datafield>
    <datafield ind1=" " ind2=" " tag="KOR">
      <subfield code="k">Arbeiterkammer Wien</subfield>
      <subfield code="9">(DE-588)2015235-8</subfield>
    </datafield>
    <datafield ind1=" " ind2=" " tag="KOR">
      <subfield code="k">Kammer f&#xFC;r Arbeiter und Angestellte in Wien</subfield>
      <subfield code="9">(DE-588)2015235-8</subfield>
    </datafield>
    <datafield ind1=" " ind2=" " tag="KOR">
      <subfield code="k">Arbeiterkammer in Wien</subfield>
      <subfield code="9">(DE-588)2015235-8</subfield>
    </datafield>
    <datafield ind1=" " ind2=" " tag="KOR">
      <subfield code="9">(DE-588)4073178-9</subfield>
    </datafield>
    <datafield ind1=" " ind2=" " tag="KOR">
      <subfield code="k">Kammer f&#xFC;r Arbeiter und Angestellte</subfield>
      <subfield code="h">Wien</subfield>
      <subfield code="9">(DE-588)2015235-8</subfield>
    </datafield>
    <datafield ind1=" " ind2=" " tag="KOR">
      <subfield code="k">Wiener Kammer f&#xFC;r Arbeiter und Angestellte</subfield>
      <subfield code="9">(DE-588)2015235-8</subfield>
    </datafield>
    <datafield ind1=" " ind2=" " tag="KOR">
      <subfield code="k">Wiener Arbeiterkammer</subfield>
      <subfield code="9">(DE-588)2015235-8</subfield>
    </datafield>
    <datafield ind1=" " ind2=" " tag="KOR">
      <subfield code="k">Palata Truda</subfield>
      <subfield code="h">Wien</subfield>
      <subfield code="9">(DE-588)2015235-8</subfield>
    </datafield>
    <datafield ind1=" " ind2=" " tag="KOR">
      <subfield code="k">Chambers of Labour</subfield>
      <subfield code="9">(DE-588)2015235-8</subfield>
    </datafield>
    <datafield ind1=" " ind2=" " tag="KOR">
      <subfield code="k">Chambres du Travail</subfield>
      <subfield code="9">(DE-588)2015235-8</subfield>
    </datafield>
    <datafield ind1=" " ind2=" " tag="KOR">
      <subfield code="k">AK</subfield>
      <subfield code="9">(DE-588)2015235-8</subfield>
    </datafield>
    <datafield ind1=" " ind2=" " tag="KOR">
      <subfield code="k">AK Wien</subfield>
      <subfield code="9">(DE-588)2015235-8</subfield>
    </datafield>
  </record>