
  <record>
    <leader>00000nM2.01200024------h</leader>
    <controlfield tag="LDR">00000nM2.01200024------h</controlfield>
    <controlfield tag="FMT">MH</controlfield>
    <datafield ind1="-" ind2="1" tag="001">
      <subfield code="a">AC13043737</subfield>
    </datafield>
    <controlfield tag="030">a|1ucr|||||17</controlfield>
    <datafield ind1="a" ind2="1" tag="036">
      <subfield code="a">XA-SU</subfield>
    </datafield>
    <datafield ind1="b" ind2="1" tag="037">
      <subfield code="a">rus</subfield>
    </datafield>
    <controlfield tag="050">a|a|||||||||||</controlfield>
    <controlfield tag="051">m|||||||</controlfield>
    <datafield ind1="s" ind2="1" tag="076">
      <subfield code="a">10</subfield>
    </datafield>
    <datafield ind1="-" ind2="1" tag="100">
      <subfield code="a">Sokolovskij, V. F.</subfield>
    </datafield>
    <datafield ind1="-" ind2="1" tag="331">
      <subfield code="a">Kemerovskij &#x17E;nergo kokso chimi&#x10D;eskij kombinat</subfield>
    </datafield>
    <datafield ind1="-" ind2="1" tag="335">
      <subfield code="a">i ego rol' v uraloku&#x17E;basskoj probleme</subfield>
    </datafield>
    <datafield ind1="-" ind2="1" tag="359">
      <subfield code="a">V. F. Sokolovskij</subfield>
    </datafield>
    <datafield ind1="-" ind2="1" tag="410">
      <subfield code="a">Moskva ; Leningrad</subfield>
    </datafield>
    <datafield ind1="-" ind2="1" tag="412">
      <subfield code="a">Gosudarstvennoe Nau&#x10D;no-Techni&#x10D;eskoe i&#x17E;datel'stvo</subfield>
    </datafield>
    <datafield ind1="a" ind2="1" tag="425">
      <subfield code="a">1931</subfield>
    </datafield>
    <datafield ind1="-" ind2="1" tag="433">
      <subfield code="a">48 S.</subfield>
    </datafield>
    <datafield ind1="b" ind2="1" tag="516">
      <subfield code="a">In kyrill. Schrift</subfield>
    </datafield>
    <datafield ind1="x" ind2="1" tag="700">
      <subfield code="a">333 Bodenwirtschaft, Energiewirtschaft</subfield>
      <subfield code="c">22</subfield>
    </datafield>
    <datafield ind1="x" ind2="1" tag="700">
      <subfield code="a">947 Geschichte Russland und Osteuropa</subfield>
      <subfield code="c">22</subfield>
    </datafield>
    <controlfield tag="SYS">000454123</controlfield>
    <datafield ind1=" " ind2=" " tag="AVA">
      <subfield code="a">AKW50</subfield>
      <subfield code="b">XAW1</subfield>
      <subfield code="c">Hauptmagazin</subfield>
      <subfield code="d">B154422/13</subfield>
      <subfield code="e">available</subfield>
      <subfield code="t">Verf&#xFC;gbar</subfield>
      <subfield code="f">1</subfield>
      <subfield code="g">0</subfield>
      <subfield code="h">N</subfield>
      <subfield code="i">0</subfield>
      <subfield code="j">MAG1</subfield>
    </datafield>
    <datafield ind1="-" ind2="1" tag="Z30">
      <subfield code="1">XAW1</subfield>
      <subfield code="2">MAG1</subfield>
      <subfield code="3">B154422/13</subfield>
    </datafield>
  </record>