
  <record>
    <leader>00521nM2.01200024------h</leader>
    <controlfield tag="LDR">00521nM2.01200024------h</controlfield>
    <controlfield tag="FMT">MH</controlfield>
    <datafield ind1="-" ind2="1" tag="001">
      <subfield code="a">AC06688708</subfield>
    </datafield>
    <datafield ind1="b" ind2="1" tag="002">
      <subfield code="a">20080410</subfield>
    </datafield>
    <controlfield tag="030">z|1dar|z|||37</controlfield>
    <datafield ind1="a" ind2="1" tag="036">
      <subfield code="a">DE</subfield>
    </datafield>
    <datafield ind1="b" ind2="1" tag="037">
      <subfield code="a">ger</subfield>
    </datafield>
    <controlfield tag="050">|||||||a||||||</controlfield>
    <controlfield tag="051">n|||z||</controlfield>
    <datafield ind1="a" ind2="1" tag="070">
      <subfield code="a">292</subfield>
    </datafield>
    <datafield ind1="s" ind2="1" tag="076">
      <subfield code="a">32</subfield>
    </datafield>
    <datafield ind1="b" ind2="1" tag="100">
      <subfield code="p">Broesch, James D.</subfield>
      <subfield code="9">(DE-588)121021947</subfield>
    </datafield>
    <datafield ind1="b" ind2="1" tag="104">
      <subfield code="p">Fenger, Reinhard</subfield>
      <subfield code="9">(DE-588)121021955</subfield>
    </datafield>
    <datafield ind1="a" ind2="1" tag="304">
      <subfield code="a">Digital signal processing &lt;dt.&gt;</subfield>
    </datafield>
    <datafield ind1="-" ind2="1" tag="331">
      <subfield code="a">Digitale Signal-Verarbeitung</subfield>
    </datafield>
    <datafield ind1="-" ind2="1" tag="334">
      <subfield code="a">Medienkombination</subfield>
    </datafield>
    <datafield ind1="-" ind2="1" tag="335">
      <subfield code="a">DSP - ganz ohne Geheimnisse</subfield>
    </datafield>
    <datafield ind1="-" ind2="1" tag="359">
      <subfield code="a">James D. Broesch. Aus dem Engl. &#xFC;bers. von Reinhard Fenger</subfield>
    </datafield>
    <datafield ind1="-" ind2="1" tag="410">
      <subfield code="a">Aachen</subfield>
    </datafield>
    <datafield ind1="-" ind2="1" tag="412">
      <subfield code="a">Elektor-Verl.</subfield>
    </datafield>
    <datafield ind1="a" ind2="1" tag="540">
      <subfield code="a">3-89576-066-8</subfield>
      <subfield code="b">: DM 73.83</subfield>
    </datafield>
    <datafield ind1="d" ind2="1" tag="700">
      <subfield code="a">30;31.9b</subfield>
    </datafield>
    <datafield ind1="g" ind2="1" tag="700">
      <subfield code="a">ZN 6040</subfield>
    </datafield>
    <datafield ind1="-" ind2="1" tag="902">
      <subfield code="s">Digitale Signalverarbeitung</subfield>
      <subfield code="9">(DE-588)4113314-6</subfield>
    </datafield>
    <controlfield tag="SYS">000454362</controlfield>
    <datafield ind1=" " ind2=" " tag="SWD">
      <subfield code="s">DSP</subfield>
      <subfield code="h">Signalverarbeitung</subfield>
      <subfield code="9">(DE-588)4113314-6</subfield>
    </datafield>
    <datafield ind1=" " ind2=" " tag="SWD">
      <subfield code="s">Digital signal processing</subfield>
      <subfield code="9">(DE-588)4113314-6</subfield>
    </datafield>
    <datafield ind1=" " ind2=" " tag="SWD">
      <subfield code="s">Data acquisition</subfield>
      <subfield code="h">Signalverarbeitung</subfield>
      <subfield code="9">(DE-588)4113314-6</subfield>
    </datafield>
    <datafield ind1=" " ind2=" " tag="SWD">
      <subfield code="s">DSP</subfield>
      <subfield code="h">Signalverarbeitung</subfield>
      <subfield code="9">(DE-588)4113314-6</subfield>
    </datafield>
    <datafield ind1=" " ind2=" " tag="SWD">
      <subfield code="s">Digital signal processing</subfield>
      <subfield code="9">(DE-588)4113314-6</subfield>
    </datafield>
    <datafield ind1=" " ind2=" " tag="SWD">
      <subfield code="s">Data acquisition</subfield>
      <subfield code="h">Signalverarbeitung</subfield>
      <subfield code="9">(DE-588)4113314-6</subfield>
    </datafield>
    <datafield ind1=" " ind2=" " tag="AVA">
      <subfield code="a">AKW50</subfield>
      <subfield code="b">XAW1</subfield>
      <subfield code="c">Medien</subfield>
      <subfield code="d">M160</subfield>
      <subfield code="e">available</subfield>
      <subfield code="t">Verf&#xFC;gbar</subfield>
      <subfield code="f">1</subfield>
      <subfield code="g">0</subfield>
      <subfield code="h">N</subfield>
      <subfield code="i">0</subfield>
      <subfield code="j">MED</subfield>
    </datafield>
    <datafield ind1="-" ind2="1" tag="Z30">
      <subfield code="1">XAW1</subfield>
      <subfield code="2">MED</subfield>
      <subfield code="3">M160</subfield>
    </datafield>
  </record>