
  <record>
    <leader>00000nM2.01200024------h</leader>
    <controlfield tag="LDR">00000nM2.01200024------h</controlfield>
    <controlfield tag="FMT">MH</controlfield>
    <datafield ind1="-" ind2="1" tag="001">
      <subfield code="a">AC13054847</subfield>
    </datafield>
    <controlfield tag="030">a|1urr|||||37</controlfield>
    <datafield ind1="a" ind2="1" tag="036">
      <subfield code="a">XA-AT</subfield>
    </datafield>
    <datafield ind1="b" ind2="1" tag="037">
      <subfield code="a">ger</subfield>
    </datafield>
    <controlfield tag="050">|||||cd|d||001</controlfield>
    <controlfield tag="051">m|||||||</controlfield>
    <datafield ind1="-" ind2="1" tag="060">
      <subfield code="b">tdi</subfield>
    </datafield>
    <datafield ind1="-" ind2="1" tag="061">
      <subfield code="b">v</subfield>
    </datafield>
    <datafield ind1="-" ind2="1" tag="062">
      <subfield code="b">vd</subfield>
    </datafield>
    <datafield ind1="a" ind2="1" tag="064">
      <subfield code="a">Film</subfield>
      <subfield code="9">(DE-588)4017102-4</subfield>
    </datafield>
    <datafield ind1="b" ind2="1" tag="064">
      <subfield code="a">DVD-Video</subfield>
      <subfield code="9">(DE-588)4585125-6</subfield>
    </datafield>
    <datafield ind1="s" ind2="1" tag="076">
      <subfield code="a">48</subfield>
    </datafield>
    <datafield ind1="b" ind2="1" tag="100">
      <subfield code="p">Maimann, Helene</subfield>
      <subfield code="9">(DE-588)108371948</subfield>
      <subfield code="4">aus</subfield>
      <subfield code="4">drt</subfield>
    </datafield>
    <datafield ind1="-" ind2="1" tag="331">
      <subfield code="a">K&#xE4;the Leichter - eine Frau wie diese</subfield>
    </datafield>
    <datafield ind1="-" ind2="1" tag="359">
      <subfield code="a">ein Film von Helene Maimann</subfield>
    </datafield>
    <datafield ind1="-" ind2="1" tag="419">
      <subfield code="a">Wien</subfield>
      <subfield code="b">ORF ; Dor Film</subfield>
      <subfield code="c">[2016]</subfield>
    </datafield>
    <datafield ind1="d" ind2="1" tag="419">
      <subfield code="c">&#xA9; 2016</subfield>
    </datafield>
    <datafield ind1="a" ind2="1" tag="425">
      <subfield code="a">2016</subfield>
    </datafield>
    <datafield ind1="-" ind2="1" tag="433">
      <subfield code="a">1 DVD-Video (53 min): Ton, farbig</subfield>
    </datafield>
    <datafield ind1="-" ind2="1" tag="435">
      <subfield code="a">12 cm</subfield>
    </datafield>
    <datafield ind1="-" ind2="1" tag="440">
      <subfield code="a">digital</subfield>
      <subfield code="g">Stereo</subfield>
      <subfield code="h">Dolby</subfield>
    </datafield>
    <datafield ind1="-" ind2="1" tag="443">
      <subfield code="a">Videodatei</subfield>
      <subfield code="b">DVD-Video</subfield>
      <subfield code="e">Region 2</subfield>
    </datafield>
    <datafield ind1="b" ind2="1" tag="451">
      <subfield code="a">Kreuz und Quer</subfield>
    </datafield>
    <datafield ind1="a" ind2="1" tag="516">
      <subfield code="a">Sprche: Deutsch</subfield>
    </datafield>
    <controlfield tag="SYS">000454375</controlfield>
    <datafield ind1=" " ind2=" " tag="AVA">
      <subfield code="a">AKW50</subfield>
      <subfield code="b">XAW1</subfield>
      <subfield code="c">DVD Sammlung Arbeit im Film</subfield>
      <subfield code="d">F248</subfield>
      <subfield code="e">available</subfield>
      <subfield code="t">Verf&#xFC;gbar</subfield>
      <subfield code="f">2</subfield>
      <subfield code="g">0</subfield>
      <subfield code="h">N</subfield>
      <subfield code="i">0</subfield>
      <subfield code="j">ZSF</subfield>
    </datafield>
    <datafield ind1="-" ind2="1" tag="Z30">
      <subfield code="1">XAW1</subfield>
      <subfield code="2">ZSF</subfield>
      <subfield code="3">F247</subfield>
    </datafield>
    <datafield ind1="-" ind2="1" tag="Z30">
      <subfield code="1">XAW1</subfield>
      <subfield code="2">ZSF</subfield>
      <subfield code="3">F248</subfield>
    </datafield>
  </record>