
  <record>
    <leader>00000nM2.01200024------h</leader>
    <controlfield tag="LDR">00000nM2.01200024------h</controlfield>
    <controlfield tag="FMT">MH</controlfield>
    <datafield ind1="-" ind2="1" tag="001">
      <subfield code="a">AC12724753</subfield>
    </datafield>
    <datafield ind1="b" ind2="1" tag="002">
      <subfield code="a">20160107</subfield>
    </datafield>
    <datafield ind1="-" ind2="1" tag="003">
      <subfield code="a">20160523</subfield>
    </datafield>
    <datafield ind1="a" ind2="1" tag="020">
      <subfield code="a">1078450129</subfield>
      <subfield code="b">DNB</subfield>
    </datafield>
    <datafield ind1="a" ind2="1" tag="025">
      <subfield code="a">1078450129</subfield>
    </datafield>
    <datafield ind1="-" ind2="1" tag="026">
      <subfield code="a">DNB1078450129</subfield>
    </datafield>
    <controlfield tag="030">a|1urr|||||17</controlfield>
    <datafield ind1="a" ind2="1" tag="036">
      <subfield code="a">XA-DE-BY</subfield>
    </datafield>
    <datafield ind1="b" ind2="1" tag="037">
      <subfield code="a">ger</subfield>
    </datafield>
    <controlfield tag="050">a|a|||||||||||</controlfield>
    <controlfield tag="051">s|||||||</controlfield>
    <datafield ind1="-" ind2="1" tag="060">
      <subfield code="b">txt</subfield>
    </datafield>
    <datafield ind1="-" ind2="1" tag="061">
      <subfield code="b">n</subfield>
    </datafield>
    <datafield ind1="-" ind2="1" tag="062">
      <subfield code="b">nc</subfield>
    </datafield>
    <datafield ind1="-" ind2="1" tag="070">
      <subfield code="a">UBS</subfield>
    </datafield>
    <datafield ind1="a" ind2="1" tag="070">
      <subfield code="a">DNB</subfield>
    </datafield>
    <datafield ind1="b" ind2="1" tag="070">
      <subfield code="a">VBK</subfield>
    </datafield>
    <datafield ind1="s" ind2="1" tag="076">
      <subfield code="a">07</subfield>
    </datafield>
    <datafield ind1="-" ind2="1" tag="100">
      <subfield code="p">T&#xFC;rcke, Christoph</subfield>
      <subfield code="d">1948-</subfield>
      <subfield code="9">(DE-588)115513752</subfield>
    </datafield>
    <datafield ind1="-" ind2="1" tag="331">
      <subfield code="a">Lehrerd&#xE4;mmerung</subfield>
    </datafield>
    <datafield ind1="-" ind2="1" tag="335">
      <subfield code="a">was die neue Lernkultur in den Schulen anrichtet</subfield>
    </datafield>
    <datafield ind1="-" ind2="1" tag="359">
      <subfield code="a">Christoph T&#xFC;rcke</subfield>
    </datafield>
    <datafield ind1="-" ind2="1" tag="403">
      <subfield code="a">Originalausgabe</subfield>
    </datafield>
    <datafield ind1="-" ind2="1" tag="419">
      <subfield code="a">M&#xFC;nchen</subfield>
      <subfield code="b">C.H. Beck</subfield>
      <subfield code="c">[2016]</subfield>
    </datafield>
    <datafield ind1="a" ind2="1" tag="425">
      <subfield code="a">2016</subfield>
    </datafield>
    <datafield ind1="-" ind2="1" tag="433">
      <subfield code="a">158 Seiten</subfield>
    </datafield>
    <datafield ind1="-" ind2="1" tag="435">
      <subfield code="a">20.5 cm x 12.4 cm</subfield>
    </datafield>
    <datafield ind1="-" ind2="1" tag="451">
      <subfield code="a">C.H. Beck Paperback</subfield>
      <subfield code="v">6240</subfield>
    </datafield>
    <datafield ind1="-" ind2="1" tag="501">
      <subfield code="a">Literaturverzeichnis: Seite 155-[159]</subfield>
    </datafield>
    <datafield ind1="a" ind2="1" tag="540">
      <subfield code="a">978-3-406-68882-9</subfield>
      <subfield code="b">Klappenbroschur. : ca. EUR 15.40 (AT), ca. sfr 23.50 (freier Pr.), ca. EUR 14.95 (DE)</subfield>
    </datafield>
    <datafield ind1="a" ind2="1" tag="540">
      <subfield code="a">3-406-68882-9</subfield>
    </datafield>
    <datafield ind1="a" ind2="1" tag="553">
      <subfield code="a">9783406688829</subfield>
    </datafield>
    <datafield ind1="e" ind2="1" tag="655">
      <subfield code="m">B:DE-101</subfield>
      <subfield code="q">application/pdf</subfield>
      <subfield code="u">http://d-nb.info/1078450129/04</subfield>
      <subfield code="x">DNB-TOC</subfield>
      <subfield code="3">Inhaltsverzeichnis</subfield>
      <subfield code="A">2</subfield>
    </datafield>
    <datafield ind1="e" ind2="1" tag="655">
      <subfield code="m">V:AT-OBV;B:AT-UBG</subfield>
      <subfield code="q">text/plain</subfield>
      <subfield code="u">http://media.obvsg.at/AC12724753-3401</subfield>
      <subfield code="x">UBG</subfield>
      <subfield code="3">Klappentext</subfield>
      <subfield code="A">2</subfield>
    </datafield>
    <datafield ind1="e" ind2="1" tag="655">
      <subfield code="m">V:AT-OBV;B:AT-UBG</subfield>
      <subfield code="q">image/jpeg</subfield>
      <subfield code="u">http://media.obvsg.at/AC12724753-4001</subfield>
      <subfield code="x">UBG</subfield>
      <subfield code="3">Umschlagbild</subfield>
      <subfield code="A">2</subfield>
    </datafield>
    <datafield ind1="-" ind2="1" tag="677">
      <subfield code="k">Verlag C. H. Beck</subfield>
      <subfield code="4">pbl</subfield>
      <subfield code="9">(DE-588)1023902869</subfield>
    </datafield>
    <datafield ind1="x" ind2="1" tag="700">
      <subfield code="a">370 Erziehung, Schulwesen, Bildungswesen</subfield>
      <subfield code="c">22</subfield>
    </datafield>
    <datafield ind1="-" ind2="1" tag="700">
      <subfield code="a">300</subfield>
      <subfield code="2">DNB</subfield>
    </datafield>
    <datafield ind1="b" ind2="1" tag="700">
      <subfield code="a">371.1</subfield>
      <subfield code="c">22ger</subfield>
      <subfield code="z">DNB</subfield>
    </datafield>
    <datafield ind1="g" ind2="1" tag="700">
      <subfield code="a">DN 1000</subfield>
    </datafield>
    <datafield ind1="g" ind2="1" tag="700">
      <subfield code="a">DP 2260</subfield>
    </datafield>
    <datafield ind1="a" ind2="1" tag="705">
      <subfield code="a">371.1</subfield>
      <subfield code="c">371.1</subfield>
      <subfield code="e">DDC22ger</subfield>
    </datafield>
    <datafield ind1="-" ind2="1" tag="720">
      <subfield code="a">Paperback / softback</subfield>
      <subfield code="2">Produktform</subfield>
    </datafield>
    <datafield ind1="-" ind2="1" tag="720">
      <subfield code="a">07: BSR-Rabatt</subfield>
      <subfield code="2">Produktrabattgruppe</subfield>
    </datafield>
    <datafield ind1="-" ind2="1" tag="720">
      <subfield code="a">1973: Hardcover, Softcover / Sachb&#xFC;cher/Politik, Gesellschaft, Wirtschaft/Gesellschaft</subfield>
      <subfield code="2">VLB-WN</subfield>
    </datafield>
    <datafield ind1="-" ind2="1" tag="902">
      <subfield code="s">Lehren</subfield>
      <subfield code="9">(DE-588)4136714-5</subfield>
    </datafield>
    <datafield ind1="-" ind2="1" tag="902">
      <subfield code="s">Lernumwelt</subfield>
      <subfield code="9">(DE-588)4167412-1</subfield>
    </datafield>
    <controlfield tag="SYS">000455978</controlfield>
    <datafield ind1=" " ind2=" " tag="SWD">
      <subfield code="s">Lehrprozess</subfield>
      <subfield code="9">(DE-588)4136714-5</subfield>
    </datafield>
    <datafield ind1=" " ind2=" " tag="SWD">
      <subfield code="s">Lehrprozess</subfield>
      <subfield code="9">(DE-588)4136714-5</subfield>
    </datafield>
    <datafield ind1=" " ind2=" " tag="SWD">
      <subfield code="s">Lernen</subfield>
      <subfield code="x">Umwelt</subfield>
      <subfield code="9">(DE-588)4167412-1</subfield>
    </datafield>
    <datafield ind1=" " ind2=" " tag="SWD">
      <subfield code="s">Lern&#xF6;kologie</subfield>
      <subfield code="9">(DE-588)4167412-1</subfield>
    </datafield>
    <datafield ind1=" " ind2=" " tag="SWD">
      <subfield code="s">Lernstation</subfield>
      <subfield code="9">(DE-588)4167412-1</subfield>
    </datafield>
    <datafield ind1=" " ind2=" " tag="SWD">
      <subfield code="s">Lernumfeld</subfield>
      <subfield code="9">(DE-588)4167412-1</subfield>
    </datafield>
    <datafield ind1=" " ind2=" " tag="SWD">
      <subfield code="s">Lernumgebung</subfield>
      <subfield code="9">(DE-588)4167412-1</subfield>
    </datafield>
    <datafield ind1=" " ind2=" " tag="SWD">
      <subfield code="s">Lernen</subfield>
      <subfield code="x">Umwelt</subfield>
      <subfield code="9">(DE-588)4167412-1</subfield>
    </datafield>
    <datafield ind1=" " ind2=" " tag="SWD">
      <subfield code="s">Lern&#xF6;kologie</subfield>
      <subfield code="9">(DE-588)4167412-1</subfield>
    </datafield>
    <datafield ind1=" " ind2=" " tag="SWD">
      <subfield code="s">Lernstation</subfield>
      <subfield code="9">(DE-588)4167412-1</subfield>
    </datafield>
    <datafield ind1=" " ind2=" " tag="SWD">
      <subfield code="s">Lernumfeld</subfield>
      <subfield code="9">(DE-588)4167412-1</subfield>
    </datafield>
    <datafield ind1=" " ind2=" " tag="SWD">
      <subfield code="s">Lernumgebung</subfield>
      <subfield code="9">(DE-588)4167412-1</subfield>
    </datafield>
    <datafield ind1=" " ind2=" " tag="AVA">
      <subfield code="a">AKW50</subfield>
      <subfield code="b">XAW1</subfield>
      <subfield code="c">Lesesaal</subfield>
      <subfield code="e">available</subfield>
      <subfield code="t">Verf&#xFC;gbar</subfield>
      <subfield code="f">1</subfield>
      <subfield code="g">0</subfield>
      <subfield code="h">N</subfield>
      <subfield code="i">0</subfield>
      <subfield code="j">L</subfield>
    </datafield>
    <datafield ind1="-" ind2="1" tag="Z30">
      <subfield code="1">XAW1</subfield>
      <subfield code="2">L</subfield>
      <subfield code="9">370</subfield>
      <subfield code="g">51700</subfield>
    </datafield>
  </record>