
  <record>
    <leader>00000nM2.01200024------h</leader>
    <controlfield tag="LDR">00000nM2.01200024------h</controlfield>
    <controlfield tag="FMT">MH</controlfield>
    <datafield ind1="-" ind2="1" tag="001">
      <subfield code="a">AC13251389</subfield>
    </datafield>
    <datafield ind1="a" ind2="1" tag="002">
      <subfield code="a">20160623</subfield>
    </datafield>
    <datafield ind1="-" ind2="1" tag="026">
      <subfield code="a">OBVAC13251389</subfield>
    </datafield>
    <controlfield tag="030">a|1urr|||||17</controlfield>
    <datafield ind1="a" ind2="1" tag="036">
      <subfield code="a">XA-AT</subfield>
    </datafield>
    <datafield ind1="b" ind2="1" tag="037">
      <subfield code="a">ger</subfield>
    </datafield>
    <controlfield tag="050">||||||||g|||||</controlfield>
    <controlfield tag="051">m|||||||</controlfield>
    <controlfield tag="058">cr||||||||||||</controlfield>
    <datafield ind1="-" ind2="1" tag="060">
      <subfield code="b">txt</subfield>
    </datafield>
    <datafield ind1="-" ind2="1" tag="061">
      <subfield code="b">c</subfield>
    </datafield>
    <datafield ind1="-" ind2="1" tag="062">
      <subfield code="b">cr</subfield>
    </datafield>
    <datafield ind1="-" ind2="1" tag="070">
      <subfield code="a">AKW</subfield>
    </datafield>
    <datafield ind1="s" ind2="1" tag="076">
      <subfield code="a">10</subfield>
    </datafield>
    <datafield ind1="e" ind2="1" tag="086">
      <subfield code="a">SE zu vergeben</subfield>
    </datafield>
    <datafield ind1="e" ind2="1" tag="086">
      <subfield code="a">Beziehung herstellen</subfield>
    </datafield>
    <datafield ind1="-" ind2="1" tag="100">
      <subfield code="a">Korntheuer, Martin</subfield>
    </datafield>
    <datafield ind1="a" ind2="1" tag="104">
      <subfield code="a">Rupprecht, Benedikta</subfield>
    </datafield>
    <datafield ind1="a" ind2="1" tag="108">
      <subfield code="a">Kollmann, Michaela</subfield>
    </datafield>
    <datafield ind1="-" ind2="1" tag="331">
      <subfield code="a">Girokonten im Preisvergleich</subfield>
    </datafield>
    <datafield ind1="-" ind2="1" tag="335">
      <subfield code="a">wie viel kostet ein Gehaltskonto f&#xFC;r einen durchschnittlichen Nutzer? : Wie hoch sind die Zinsen f&#xFC;r Guthaben und Konto&#xFC;berziehung?</subfield>
    </datafield>
    <datafield ind1="-" ind2="1" tag="359">
      <subfield code="a">Martin Korntheuer, Benedikta Rupprecht, Michaela Kollmann</subfield>
    </datafield>
    <datafield ind1="-" ind2="1" tag="419">
      <subfield code="a">Wien</subfield>
      <subfield code="b">Arbeiterkammer Wien</subfield>
      <subfield code="c">Mai 2016</subfield>
    </datafield>
    <datafield ind1="a" ind2="1" tag="425">
      <subfield code="a">2016</subfield>
    </datafield>
    <datafield ind1="-" ind2="1" tag="433">
      <subfield code="a">1 Online-Ressource (7 Seiten)</subfield>
    </datafield>
    <datafield ind1="-" ind2="1" tag="443">
      <subfield code="a">Textdatei</subfield>
      <subfield code="b">PDF</subfield>
    </datafield>
    <datafield ind1="b" ind2="1" tag="552">
      <subfield code="a">urn:nbn:at:at-akw:g-780932</subfield>
    </datafield>
    <datafield ind1="e" ind2="1" tag="655">
      <subfield code="m">V:AT-OBV;B:AT-AKW</subfield>
      <subfield code="u">http://emedien.arbeiterkammer.at/viewer/resolver?urn=urn:nbn:at:at-akw:g-780932</subfield>
      <subfield code="x">Resolving-System</subfield>
      <subfield code="z">kostenfrei</subfield>
      <subfield code="3">Volltext</subfield>
    </datafield>
    <controlfield tag="SYS">000456200</controlfield>
    <datafield ind1=" " ind2="9" tag="071">
      <subfield code="a">AKW</subfield>
      <subfield code="2">XAWE</subfield>
    </datafield>
    <datafield ind1=" " ind2="9" tag="220">
      <subfield code="a">Online-Zugang</subfield>
      <subfield code="2">XAWE</subfield>
    </datafield>
    <datafield ind1=" " ind2="9" tag="NTU">
      <subfield code="a">E-Book-Bestand</subfield>
      <subfield code="2">XAWE</subfield>
    </datafield>
    <datafield ind1=" " ind2="9" tag="OWN">
      <subfield code="a">XAWE</subfield>
    </datafield>
  </record>
</collection>
